,Code,Price,volume,Turover,Flag,Askprice0,Askvolume0,Bidprice0,Bidvolume0,HighestPrice,LowestPrice
2018-04-26 21:00:00.500,rb1805,3919.0,8.0,313560.0,1.0,3919.0,28.0,3918.0,1.0,3922.0,3918.0
2018-04-26 21:00:01.000,rb1805,3922.0,62.0,2429960.0,1.0,3922.0,18.0,3918.0,1.0,3922.0,3918.0
2018-04-26 21:00:01.500,rb1805,3922.0,6.0,235320.0,1.0,3922.0,15.0,3918.0,1.0,3922.0,3918.0
2018-04-26 21:00:02.000,rb1805,3922.0,8.0,313600.0,1.0,3921.0,2.0,3916.0,1.0,3922.0,3918.0
2018-04-26 21:00:02.500,rb1805,3916.0,8.0,313540.0,1.0,3922.0,13.0,3914.0,1.0,3922.0,3916.0
2018-04-26 21:00:03.000,rb1805,3916.0,0.0,0.0,1.0,3916.0,2.0,3914.0,1.0,3922.0,3916.0
2018-04-26 21:00:03.500,rb1805,3914.0,2.0,78280.0,1.0,3914.0,8.0,3913.0,4.0,3922.0,3914.0
2018-04-26 21:00:04.000,rb1805,3918.0,40.0,1566480.0,1.0,3922.0,15.0,3914.0,34.0,3922.0,3914.0
2018-04-26 21:00:04.500,rb1805,3918.0,0.0,0.0,1.0,3922.0,16.0,3914.0,54.0,3922.0,3914.0
2018-04-26 21:00:05.000,rb1805,3918.0,0.0,0.0,1.0,3922.0,16.0,3915.0,5.0,3922.0,3914.0
2018-04-26 21:00:05.500,rb1805,3922.0,32.0,1255040.0,1.0,3923.0,31.0,3922.0,14.0,3922.0,3914.0
2018-04-26 21:00:06.000,rb1805,3922.0,28.0,1098160.0,1.0,3922.0,6.0,3916.0,1.0,3922.0,3914.0
2018-04-26 21:00:06.500,rb1805,3922.0,0.0,0.0,1.0,3921.0,3.0,3916.0,1.0,3922.0,3914.0
2018-04-26 21:00:07.000,rb1805,3922.0,6.0,235320.0,1.0,3922.0,6.0,3917.0,1.0,3922.0,3914.0
2018-04-26 21:00:07.500,rb1805,3922.0,0.0,0.0,1.0,3921.0,3.0,3917.0,1.0,3922.0,3914.0
2018-04-26 21:00:08.000,rb1805,3922.0,8.0,313760.0,1.0,3921.0,1.0,3917.0,1.0,3922.0,3914.0
2018-04-26 21:00:08.500,rb1805,3916.0,4.0,156660.0,1.0,3916.0,2.0,3914.0,21.0,3922.0,3914.0
2018-04-26 21:00:09.000,rb1805,3916.0,4.0,156640.0,1.0,3922.0,1.0,3916.0,38.0,3922.0,3914.0
2018-04-26 21:00:09.500,rb1805,3916.0,0.0,0.0,1.0,3922.0,1.0,3921.0,5.0,3922.0,3914.0
2018-04-26 21:00:10.000,rb1805,3916.0,0.0,0.0,1.0,3922.0,5.0,3921.0,5.0,3922.0,3914.0
2018-04-26 21:00:10.500,rb1805,3921.0,10.0,392100.0,1.0,3922.0,5.0,3916.0,33.0,3922.0,3914.0
2018-04-26 21:00:11.000,rb1805,3921.0,0.0,0.0,1.0,3922.0,2.0,3919.0,20.0,3922.0,3914.0
2018-04-26 21:00:11.500,rb1805,3921.0,0.0,0.0,1.0,3922.0,2.0,3919.0,1.0,3922.0,3914.0
2018-04-26 21:00:12.000,rb1805,3921.0,2.0,78420.0,1.0,3921.0,10.0,3917.0,6.0,3922.0,3914.0
2018-04-26 21:00:12.500,rb1805,3921.0,0.0,0.0,1.0,3920.0,1.0,3917.0,6.0,3922.0,3914.0
2018-04-26 21:00:13.000,rb1805,3921.0,0.0,0.0,1.0,3920.0,1.0,3917.0,6.0,3922.0,3914.0
2018-04-26 21:00:13.500,rb1805,3921.0,0.0,0.0,1.0,3920.0,1.0,3918.0,5.0,3922.0,3914.0
2018-04-26 21:00:14.000,rb1805,3920.0,12.0,470400.0,1.0,3921.0,10.0,3920.0,4.0,3922.0,3914.0
2018-04-26 21:00:14.500,rb1805,3918.0,16.0,627060.0,1.0,3919.0,1.0,3918.0,4.0,3922.0,3914.0
2018-04-26 21:00:15.000,rb1805,3918.0,2.0,78360.0,1.0,3921.0,14.0,3919.0,1.0,3922.0,3914.0
2018-04-26 21:00:15.500,rb1805,3920.0,2.0,78400.0,1.0,3920.0,1.0,3919.0,5.0,3922.0,3914.0
2018-04-26 21:00:16.000,rb1805,3920.0,0.0,0.0,1.0,3921.0,12.0,3919.0,9.0,3922.0,3914.0
2018-04-26 21:00:16.500,rb1805,3920.0,0.0,0.0,1.0,3921.0,12.0,3919.0,9.0,3922.0,3914.0
2018-04-26 21:00:17.000,rb1805,3919.0,16.0,627040.0,1.0,3919.0,2.0,3918.0,4.0,3922.0,3914.0
2018-04-26 21:00:17.500,rb1805,3919.0,0.0,0.0,1.0,3919.0,2.0,3918.0,5.0,3922.0,3914.0
2018-04-26 21:00:18.000,rb1805,3921.0,36.0,1411460.0,1.0,3922.0,5.0,3921.0,12.0,3922.0,3914.0
2018-04-26 21:00:18.500,rb1805,3921.0,2.0,78420.0,1.0,3922.0,4.0,3921.0,11.0,3922.0,3914.0
2018-04-26 21:00:19.000,rb1805,3921.0,0.0,0.0,1.0,3922.0,4.0,3921.0,11.0,3922.0,3914.0
2018-04-26 21:00:19.500,rb1805,3921.0,22.0,862620.0,1.0,3921.0,10.0,3920.0,1.0,3922.0,3914.0
2018-04-26 21:00:20.000,rb1805,3921.0,0.0,0.0,1.0,3920.0,1.0,3918.0,5.0,3922.0,3914.0
2018-04-26 21:00:20.500,rb1805,3920.0,2.0,78400.0,1.0,3921.0,16.0,3920.0,30.0,3922.0,3914.0
2018-04-26 21:00:21.000,rb1805,3920.0,10.0,392000.0,1.0,3921.0,13.0,3920.0,25.0,3922.0,3914.0
2018-04-26 21:00:21.500,rb1805,3920.0,0.0,0.0,1.0,3921.0,12.0,3920.0,27.0,3922.0,3914.0
2018-04-26 21:00:22.000,rb1805,3920.0,0.0,0.0,1.0,3921.0,12.0,3920.0,28.0,3922.0,3914.0
2018-04-26 21:00:22.500,rb1805,3920.0,4.0,156800.0,1.0,3921.0,12.0,3920.0,26.0,3922.0,3914.0
2018-04-26 21:00:23.000,rb1805,3920.0,0.0,0.0,1.0,3921.0,12.0,3920.0,3.0,3922.0,3914.0
2018-04-26 21:00:23.500,rb1805,3920.0,0.0,0.0,1.0,3921.0,13.0,3920.0,2.0,3922.0,3914.0
2018-04-26 21:00:24.000,rb1805,3921.0,6.0,235220.0,1.0,3921.0,13.0,3919.0,3.0,3922.0,3914.0
2018-04-26 21:00:24.500,rb1805,3921.0,0.0,0.0,1.0,3921.0,13.0,3919.0,3.0,3922.0,3914.0
2018-04-26 21:00:25.000,rb1805,3921.0,0.0,0.0,1.0,3921.0,12.0,3919.0,5.0,3922.0,3914.0
2018-04-26 21:00:25.500,rb1805,3921.0,0.0,0.0,1.0,3921.0,16.0,3919.0,5.0,3922.0,3914.0
2018-04-26 21:00:26.000,rb1805,3919.0,6.0,235140.0,1.0,3921.0,15.0,3919.0,2.0,3922.0,3914.0
2018-04-26 21:00:26.500,rb1805,3919.0,0.0,0.0,1.0,3921.0,16.0,3919.0,1.0,3922.0,3914.0
2018-04-26 21:00:27.000,rb1805,3919.0,0.0,0.0,1.0,3920.0,2.0,3919.0,1.0,3922.0,3914.0
2018-04-26 21:00:27.500,rb1805,3919.0,0.0,0.0,1.0,3920.0,14.0,3919.0,4.0,3922.0,3914.0
2018-04-26 21:00:28.000,rb1805,3920.0,2.0,78400.0,1.0,3920.0,13.0,3919.0,62.0,3922.0,3914.0
2018-04-26 21:00:28.500,rb1805,3920.0,4.0,156800.0,1.0,3920.0,12.0,3919.0,62.0,3922.0,3914.0
2018-04-26 21:00:29.000,rb1805,3920.0,0.0,0.0,1.0,3920.0,12.0,3919.0,62.0,3922.0,3914.0
2018-04-26 21:00:29.500,rb1805,3920.0,10.0,392000.0,1.0,3920.0,4.0,3919.0,62.0,3922.0,3914.0
2018-04-26 21:00:30.000,rb1805,3919.0,6.0,235140.0,1.0,3920.0,6.0,3919.0,59.0,3922.0,3914.0
2018-04-26 21:00:30.500,rb1805,3919.0,2.0,78380.0,1.0,3920.0,6.0,3919.0,58.0,3922.0,3914.0
2018-04-26 21:00:31.000,rb1805,3919.0,2.0,78380.0,1.0,3920.0,6.0,3919.0,57.0,3922.0,3914.0
2018-04-26 21:00:31.500,rb1805,3919.0,0.0,0.0,1.0,3920.0,4.0,3919.0,57.0,3922.0,3914.0
2018-04-26 21:00:32.000,rb1805,3920.0,8.0,313600.0,1.0,3921.0,16.0,3919.0,57.0,3922.0,3914.0
2018-04-26 21:00:32.500,rb1805,3920.0,0.0,0.0,1.0,3921.0,14.0,3919.0,57.0,3922.0,3914.0
2018-04-26 21:00:33.000,rb1805,3920.0,0.0,0.0,1.0,3921.0,14.0,3920.0,5.0,3922.0,3914.0
2018-04-26 21:00:33.500,rb1805,3920.0,0.0,0.0,1.0,3921.0,15.0,3920.0,12.0,3922.0,3914.0
2018-04-26 21:00:34.000,rb1805,3920.0,2.0,78400.0,1.0,3921.0,15.0,3920.0,12.0,3922.0,3914.0
2018-04-26 21:00:34.500,rb1805,3921.0,30.0,1176300.0,1.0,3922.0,4.0,3920.0,12.0,3922.0,3914.0
2018-04-26 21:00:35.000,rb1805,3921.0,0.0,0.0,1.0,3921.0,1.0,3920.0,13.0,3922.0,3914.0
2018-04-26 21:00:35.500,rb1805,3921.0,0.0,0.0,1.0,3921.0,1.0,3920.0,13.0,3922.0,3914.0
2018-04-26 21:00:36.000,rb1805,3921.0,2.0,78420.0,1.0,3922.0,3.0,3921.0,1.0,3922.0,3914.0
2018-04-26 21:00:36.500,rb1805,3921.0,0.0,0.0,1.0,3922.0,11.0,3920.0,13.0,3922.0,3914.0
2018-04-26 21:00:37.000,rb1805,3921.0,0.0,0.0,1.0,3922.0,10.0,3921.0,3.0,3922.0,3914.0
2018-04-26 21:00:37.500,rb1805,3921.0,0.0,0.0,1.0,3922.0,14.0,3921.0,3.0,3922.0,3914.0
2018-04-26 21:00:38.000,rb1805,3921.0,0.0,0.0,1.0,3921.0,1.0,3920.0,12.0,3922.0,3914.0
2018-04-26 21:00:38.500,rb1805,3921.0,2.0,78420.0,1.0,3922.0,14.0,3921.0,23.0,3922.0,3914.0
2018-04-26 21:00:39.000,rb1805,3921.0,0.0,0.0,1.0,3922.0,11.0,3921.0,24.0,3922.0,3914.0
2018-04-26 21:00:39.500,rb1805,3922.0,4.0,156880.0,1.0,3922.0,9.0,3921.0,24.0,3922.0,3914.0
2018-04-26 21:00:40.000,rb1805,3922.0,0.0,0.0,1.0,3922.0,5.0,3921.0,24.0,3922.0,3914.0
2018-04-26 21:00:40.500,rb1805,3921.0,2.0,78420.0,1.0,3922.0,6.0,3921.0,23.0,3922.0,3914.0
2018-04-26 21:00:41.000,rb1805,3921.0,0.0,0.0,1.0,3922.0,6.0,3921.0,2.0,3922.0,3914.0
2018-04-26 21:00:41.500,rb1805,3921.0,0.0,0.0,1.0,3922.0,12.0,3920.0,13.0,3922.0,3914.0
2018-04-26 21:00:42.000,rb1805,3922.0,20.0,784400.0,1.0,3923.0,51.0,3922.0,47.0,3922.0,3914.0
2018-04-26 21:00:42.500,rb1805,3922.0,0.0,0.0,1.0,3923.0,53.0,3922.0,47.0,3922.0,3914.0
2018-04-26 21:00:43.000,rb1805,3923.0,138.0,5412400.0,1.0,3923.0,51.0,3921.0,1.0,3923.0,3914.0
2018-04-26 21:00:43.500,rb1805,3923.0,2.0,78460.0,1.0,3922.0,2.0,3920.0,13.0,3923.0,3914.0
2018-04-26 21:00:44.000,rb1805,3923.0,0.0,0.0,1.0,3922.0,2.0,3920.0,18.0,3923.0,3914.0
2018-04-26 21:00:44.500,rb1805,3923.0,0.0,0.0,1.0,3922.0,6.0,3920.0,9.0,3923.0,3914.0
2018-04-26 21:00:45.000,rb1805,3923.0,0.0,0.0,1.0,3922.0,7.0,3920.0,9.0,3923.0,3914.0
2018-04-26 21:00:45.500,rb1805,3923.0,0.0,0.0,1.0,3922.0,7.0,3921.0,1.0,3923.0,3914.0
2018-04-26 21:00:46.000,rb1805,3923.0,0.0,0.0,1.0,3922.0,10.0,3921.0,2.0,3923.0,3914.0
2018-04-26 21:00:46.500,rb1805,3921.0,2.0,78420.0,1.0,3921.0,2.0,3920.0,9.0,3923.0,3914.0
2018-04-26 21:00:47.000,rb1805,3920.0,4.0,156820.0,1.0,3921.0,7.0,3920.0,13.0,3923.0,3914.0
2018-04-26 21:00:47.500,rb1805,3920.0,0.0,0.0,1.0,3921.0,7.0,3920.0,6.0,3923.0,3914.0
2018-04-26 21:00:48.000,rb1805,3920.0,0.0,0.0,1.0,3921.0,7.0,3920.0,4.0,3923.0,3914.0
2018-04-26 21:00:48.500,rb1805,3920.0,8.0,313600.0,1.0,3921.0,9.0,3918.0,3.0,3923.0,3914.0
2018-04-26 21:00:49.000,rb1805,3921.0,2.0,78420.0,1.0,3921.0,8.0,3920.0,1.0,3923.0,3914.0
2018-04-26 21:00:49.500,rb1805,3920.0,2.0,78400.0,1.0,3920.0,3.0,3918.0,6.0,3923.0,3914.0
2018-04-26 21:00:50.000,rb1805,3920.0,0.0,0.0,1.0,3920.0,1.0,3918.0,8.0,3923.0,3914.0
2018-04-26 21:00:50.500,rb1805,3920.0,0.0,0.0,1.0,3920.0,1.0,3918.0,4.0,3923.0,3914.0
2018-04-26 21:00:51.000,rb1805,3920.0,0.0,0.0,1.0,3920.0,1.0,3918.0,7.0,3923.0,3914.0
2018-04-26 21:00:51.500,rb1805,3920.0,0.0,0.0,1.0,3920.0,1.0,3918.0,12.0,3923.0,3914.0
2018-04-26 21:00:52.000,rb1805,3920.0,0.0,0.0,1.0,3920.0,4.0,3918.0,12.0,3923.0,3914.0
2018-04-26 21:00:52.500,rb1805,3920.0,0.0,0.0,1.0,3920.0,4.0,3918.0,12.0,3923.0,3914.0
2018-04-26 21:00:53.000,rb1805,3920.0,0.0,0.0,1.0,3920.0,4.0,3918.0,12.0,3923.0,3914.0
2018-04-26 21:00:53.500,rb1805,3920.0,0.0,0.0,1.0,3920.0,17.0,3918.0,12.0,3923.0,3914.0
2018-04-26 21:00:54.000,rb1805,3920.0,0.0,0.0,1.0,3920.0,17.0,3918.0,12.0,3923.0,3914.0
2018-04-26 21:00:54.500,rb1805,3920.0,0.0,0.0,1.0,3920.0,17.0,3918.0,12.0,3923.0,3914.0
2018-04-26 21:00:55.000,rb1805,3920.0,0.0,0.0,1.0,3920.0,17.0,3918.0,12.0,3923.0,3914.0
2018-04-26 21:00:55.500,rb1805,3920.0,34.0,1332800.0,1.0,3921.0,14.0,3920.0,13.0,3923.0,3914.0
2018-04-26 21:00:56.000,rb1805,3920.0,0.0,0.0,1.0,3921.0,13.0,3920.0,43.0,3923.0,3914.0
2018-04-26 21:00:56.500,rb1805,3920.0,0.0,0.0,1.0,3921.0,13.0,3920.0,44.0,3923.0,3914.0
2018-04-26 21:00:57.000,rb1805,3920.0,0.0,0.0,1.0,3921.0,10.0,3920.0,44.0,3923.0,3914.0
2018-04-26 21:00:57.500,rb1805,3920.0,0.0,0.0,1.0,3921.0,10.0,3920.0,44.0,3923.0,3914.0
2018-04-26 21:00:58.000,rb1805,3920.0,0.0,0.0,1.0,3921.0,10.0,3920.0,44.0,3923.0,3914.0
2018-04-26 21:00:58.500,rb1805,3920.0,0.0,0.0,1.0,3921.0,10.0,3920.0,44.0,3923.0,3914.0
2018-04-26 21:00:59.000,rb1805,3920.0,0.0,0.0,1.0,3921.0,10.0,3920.0,44.0,3923.0,3914.0
2018-04-26 21:00:59.500,rb1805,3920.0,0.0,0.0,1.0,3921.0,10.0,3920.0,44.0,3923.0,3914.0
2018-04-26 21:01:00.000,rb1805,3920.0,0.0,0.0,1.0,3921.0,10.0,3920.0,44.0,3923.0,3914.0
2018-04-26 21:01:00.500,rb1805,3920.0,4.0,156820.0,1.0,3921.0,9.0,3920.0,43.0,3923.0,3914.0
2018-04-26 21:01:01.000,rb1805,3920.0,0.0,0.0,1.0,3921.0,9.0,3920.0,43.0,3923.0,3914.0
2018-04-26 21:01:01.500,rb1805,3920.0,0.0,0.0,1.0,3921.0,9.0,3920.0,43.0,3923.0,3914.0
2018-04-26 21:01:02.000,rb1805,3920.0,4.0,156800.0,1.0,3921.0,9.0,3920.0,41.0,3923.0,3914.0
2018-04-26 21:01:02.500,rb1805,3920.0,0.0,0.0,1.0,3921.0,9.0,3920.0,41.0,3923.0,3914.0
2018-04-26 21:01:03.000,rb1805,3920.0,2.0,78400.0,1.0,3921.0,9.0,3920.0,40.0,3923.0,3914.0
2018-04-26 21:01:03.500,rb1805,3920.0,0.0,0.0,1.0,3921.0,10.0,3920.0,40.0,3923.0,3914.0
2018-04-26 21:01:04.000,rb1805,3920.0,0.0,0.0,1.0,3921.0,10.0,3920.0,40.0,3923.0,3914.0
2018-04-26 21:01:04.500,rb1805,3920.0,0.0,0.0,1.0,3921.0,10.0,3920.0,40.0,3923.0,3914.0
2018-04-26 21:01:05.000,rb1805,3920.0,0.0,0.0,1.0,3921.0,10.0,3920.0,40.0,3923.0,3914.0
2018-04-26 21:01:05.500,rb1805,3920.0,0.0,0.0,1.0,3921.0,8.0,3920.0,40.0,3923.0,3914.0
2018-04-26 21:01:06.000,rb1805,3920.0,0.0,0.0,1.0,3921.0,8.0,3920.0,41.0,3923.0,3914.0
2018-04-26 21:01:06.500,rb1805,3921.0,2.0,78420.0,1.0,3921.0,7.0,3920.0,41.0,3923.0,3914.0
2018-04-26 21:01:07.000,rb1805,3921.0,0.0,0.0,1.0,3921.0,8.0,3920.0,41.0,3923.0,3914.0
2018-04-26 21:01:07.500,rb1805,3921.0,0.0,0.0,1.0,3921.0,8.0,3920.0,41.0,3923.0,3914.0
2018-04-26 21:01:08.000,rb1805,3921.0,0.0,0.0,1.0,3921.0,8.0,3920.0,46.0,3923.0,3914.0
2018-04-26 21:01:08.500,rb1805,3921.0,4.0,156840.0,1.0,3921.0,6.0,3920.0,46.0,3923.0,3914.0
2018-04-26 21:01:09.000,rb1805,3921.0,12.0,470520.0,1.0,3922.0,7.0,3921.0,4.0,3923.0,3914.0
2018-04-26 21:01:09.500,rb1805,3921.0,0.0,0.0,1.0,3922.0,7.0,3921.0,7.0,3923.0,3914.0
2018-04-26 21:01:10.000,rb1805,3921.0,0.0,0.0,1.0,3922.0,7.0,3921.0,7.0,3923.0,3914.0
2018-04-26 21:01:10.500,rb1805,3921.0,0.0,0.0,1.0,3922.0,7.0,3921.0,7.0,3923.0,3914.0
2018-04-26 21:01:11.000,rb1805,3921.0,0.0,0.0,1.0,3922.0,7.0,3921.0,7.0,3923.0,3914.0
2018-04-26 21:01:11.500,rb1805,3921.0,0.0,0.0,1.0,3922.0,7.0,3921.0,7.0,3923.0,3914.0
2018-04-26 21:01:12.000,rb1805,3922.0,16.0,627520.0,1.0,3923.0,54.0,3922.0,52.0,3923.0,3914.0
2018-04-26 21:01:12.500,rb1805,3922.0,36.0,1411920.0,1.0,3923.0,54.0,3922.0,34.0,3923.0,3914.0
2018-04-26 21:01:13.000,rb1805,3922.0,0.0,0.0,1.0,3923.0,54.0,3922.0,34.0,3923.0,3914.0
2018-04-26 21:01:13.500,rb1805,3922.0,0.0,0.0,1.0,3923.0,54.0,3922.0,34.0,3923.0,3914.0
2018-04-26 21:01:14.000,rb1805,3923.0,16.0,627580.0,1.0,3923.0,51.0,3922.0,29.0,3923.0,3914.0
2018-04-26 21:01:14.500,rb1805,3923.0,0.0,0.0,1.0,3923.0,51.0,3922.0,29.0,3923.0,3914.0
2018-04-26 21:01:15.000,rb1805,3923.0,0.0,0.0,1.0,3923.0,51.0,3922.0,29.0,3923.0,3914.0
2018-04-26 21:01:15.500,rb1805,3923.0,2.0,78460.0,1.0,3923.0,50.0,3922.0,29.0,3923.0,3914.0
2018-04-26 21:01:16.000,rb1805,3923.0,2.0,78460.0,1.0,3923.0,49.0,3922.0,29.0,3923.0,3914.0
2018-04-26 21:01:16.500,rb1805,3923.0,0.0,0.0,1.0,3923.0,49.0,3922.0,29.0,3923.0,3914.0
2018-04-26 21:01:17.000,rb1805,3923.0,0.0,0.0,1.0,3923.0,49.0,3922.0,39.0,3923.0,3914.0
2018-04-26 21:01:17.500,rb1805,3923.0,0.0,0.0,1.0,3923.0,49.0,3922.0,39.0,3923.0,3914.0
2018-04-26 21:01:18.000,rb1805,3922.0,2.0,78440.0,1.0,3923.0,50.0,3922.0,38.0,3923.0,3914.0
2018-04-26 21:01:18.500,rb1805,3922.0,0.0,0.0,1.0,3923.0,50.0,3922.0,38.0,3923.0,3914.0
2018-04-26 21:01:19.000,rb1805,3922.0,0.0,0.0,1.0,3923.0,50.0,3922.0,38.0,3923.0,3914.0
2018-04-26 21:01:19.500,rb1805,3922.0,0.0,0.0,1.0,3923.0,50.0,3922.0,38.0,3923.0,3914.0
2018-04-26 21:01:20.000,rb1805,3922.0,0.0,0.0,1.0,3923.0,50.0,3922.0,38.0,3923.0,3914.0
2018-04-26 21:01:20.500,rb1805,3923.0,40.0,1569200.0,1.0,3923.0,30.0,3922.0,38.0,3923.0,3914.0
2018-04-26 21:01:21.000,rb1805,3923.0,0.0,0.0,1.0,3923.0,30.0,3922.0,39.0,3923.0,3914.0
2018-04-26 21:01:21.500,rb1805,3923.0,0.0,0.0,1.0,3923.0,30.0,3922.0,49.0,3923.0,3914.0
2018-04-26 21:01:22.000,rb1805,3923.0,2.0,78460.0,1.0,3923.0,27.0,3922.0,51.0,3923.0,3914.0
2018-04-26 21:01:22.500,rb1805,3923.0,4.0,156920.0,1.0,3923.0,25.0,3922.0,51.0,3923.0,3914.0
2018-04-26 21:01:23.000,rb1805,3923.0,40.0,1569200.0,1.0,3923.0,5.0,3922.0,51.0,3923.0,3914.0
2018-04-26 21:01:23.500,rb1805,3923.0,2.0,78460.0,1.0,3923.0,4.0,3922.0,51.0,3923.0,3914.0
2018-04-26 21:01:24.000,rb1805,3923.0,8.0,313840.0,1.0,3924.0,62.0,3923.0,1.0,3923.0,3914.0
2018-04-26 21:01:24.500,rb1805,3923.0,2.0,78460.0,1.0,3923.0,1.0,3922.0,51.0,3923.0,3914.0
2018-04-26 21:01:25.000,rb1805,3923.0,4.0,156920.0,1.0,3923.0,27.0,3922.0,51.0,3923.0,3914.0
2018-04-26 21:01:25.500,rb1805,3923.0,0.0,0.0,1.0,3923.0,27.0,3922.0,51.0,3923.0,3914.0
2018-04-26 21:01:26.000,rb1805,3923.0,2.0,78460.0,1.0,3923.0,26.0,3922.0,51.0,3923.0,3914.0
2018-04-26 21:01:26.500,rb1805,3923.0,0.0,0.0,1.0,3923.0,26.0,3922.0,51.0,3923.0,3914.0
2018-04-26 21:01:27.000,rb1805,3923.0,36.0,1412280.0,1.0,3924.0,65.0,3923.0,1.0,3923.0,3914.0
2018-04-26 21:01:27.500,rb1805,3923.0,0.0,0.0,1.0,3924.0,62.0,3923.0,12.0,3923.0,3914.0
2018-04-26 21:01:28.000,rb1805,3924.0,64.0,2511360.0,1.0,3924.0,30.0,3923.0,17.0,3924.0,3914.0
2018-04-26 21:01:28.500,rb1805,3924.0,2.0,78480.0,1.0,3924.0,29.0,3923.0,17.0,3924.0,3914.0
2018-04-26 21:01:29.000,rb1805,3924.0,0.0,0.0,1.0,3924.0,29.0,3923.0,17.0,3924.0,3914.0
2018-04-26 21:01:29.500,rb1805,3924.0,0.0,0.0,1.0,3924.0,29.0,3923.0,17.0,3924.0,3914.0
2018-04-26 21:01:30.000,rb1805,3924.0,0.0,0.0,1.0,3924.0,29.0,3923.0,17.0,3924.0,3914.0
2018-04-26 21:01:30.500,rb1805,3924.0,0.0,0.0,1.0,3924.0,29.0,3923.0,18.0,3924.0,3914.0
2018-04-26 21:01:31.000,rb1805,3924.0,0.0,0.0,1.0,3924.0,29.0,3923.0,18.0,3924.0,3914.0
2018-04-26 21:01:31.500,rb1805,3924.0,0.0,0.0,1.0,3924.0,29.0,3923.0,18.0,3924.0,3914.0
2018-04-26 21:01:32.000,rb1805,3924.0,0.0,0.0,1.0,3924.0,29.0,3923.0,18.0,3924.0,3914.0
2018-04-26 21:01:32.500,rb1805,3924.0,4.0,156960.0,1.0,3924.0,27.0,3923.0,15.0,3924.0,3914.0
2018-04-26 21:01:33.000,rb1805,3924.0,18.0,706320.0,1.0,3924.0,18.0,3923.0,15.0,3924.0,3914.0
2018-04-26 21:01:33.500,rb1805,3923.0,30.0,1176900.0,1.0,3923.0,5.0,3922.0,56.0,3924.0,3914.0
2018-04-26 21:01:34.000,rb1805,3923.0,12.0,470760.0,1.0,3924.0,19.0,3923.0,1.0,3924.0,3914.0
2018-04-26 21:01:34.500,rb1805,3923.0,0.0,0.0,1.0,3924.0,19.0,3923.0,9.0,3924.0,3914.0
2018-04-26 21:01:35.000,rb1805,3923.0,2.0,78460.0,1.0,3924.0,19.0,3923.0,8.0,3924.0,3914.0
2018-04-26 21:01:35.500,rb1805,3923.0,0.0,0.0,1.0,3924.0,19.0,3923.0,8.0,3924.0,3914.0
2018-04-26 21:01:36.000,rb1805,3923.0,0.0,0.0,1.0,3924.0,19.0,3923.0,8.0,3924.0,3914.0
2018-04-26 21:01:36.500,rb1805,3923.0,0.0,0.0,1.0,3924.0,19.0,3923.0,8.0,3924.0,3914.0
2018-04-26 21:01:37.000,rb1805,3923.0,0.0,0.0,1.0,3924.0,19.0,3923.0,18.0,3924.0,3914.0
2018-04-26 21:01:37.500,rb1805,3924.0,4.0,156960.0,1.0,3924.0,17.0,3923.0,18.0,3924.0,3914.0
2018-04-26 21:01:38.000,rb1805,3924.0,0.0,0.0,1.0,3924.0,18.0,3923.0,18.0,3924.0,3914.0
2018-04-26 21:01:38.500,rb1805,3924.0,0.0,0.0,1.0,3924.0,18.0,3923.0,18.0,3924.0,3914.0
2018-04-26 21:01:39.000,rb1805,3924.0,0.0,0.0,1.0,3924.0,18.0,3923.0,18.0,3924.0,3914.0
2018-04-26 21:01:39.500,rb1805,3924.0,0.0,0.0,1.0,3924.0,18.0,3923.0,18.0,3924.0,3914.0
2018-04-26 21:01:40.000,rb1805,3924.0,2.0,78480.0,1.0,3924.0,27.0,3923.0,18.0,3924.0,3914.0
2018-04-26 21:01:40.500,rb1805,3924.0,0.0,0.0,1.0,3924.0,27.0,3923.0,18.0,3924.0,3914.0
2018-04-26 21:01:41.000,rb1805,3924.0,0.0,0.0,1.0,3924.0,27.0,3923.0,18.0,3924.0,3914.0
2018-04-26 21:01:41.500,rb1805,3923.0,20.0,784600.0,1.0,3924.0,27.0,3923.0,8.0,3924.0,3914.0
2018-04-26 21:01:42.000,rb1805,3923.0,0.0,0.0,1.0,3924.0,27.0,3923.0,8.0,3924.0,3914.0
2018-04-26 21:01:42.500,rb1805,3923.0,0.0,0.0,1.0,3924.0,27.0,3923.0,8.0,3924.0,3914.0
2018-04-26 21:01:43.000,rb1805,3923.0,2.0,78460.0,1.0,3924.0,29.0,3923.0,7.0,3924.0,3914.0
2018-04-26 21:01:43.500,rb1805,3922.0,20.0,784540.0,1.0,3924.0,35.0,3922.0,54.0,3924.0,3914.0
2018-04-26 21:01:44.000,rb1805,3922.0,0.0,0.0,1.0,3924.0,32.0,3922.0,54.0,3924.0,3914.0
2018-04-26 21:01:44.500,rb1805,3922.0,0.0,0.0,1.0,3924.0,32.0,3922.0,54.0,3924.0,3914.0
2018-04-26 21:01:45.000,rb1805,3922.0,20.0,784400.0,1.0,3924.0,32.0,3923.0,5.0,3924.0,3914.0
2018-04-26 21:01:45.500,rb1805,3923.0,2.0,78460.0,1.0,3924.0,32.0,3923.0,4.0,3924.0,3914.0
2018-04-26 21:01:46.000,rb1805,3923.0,0.0,0.0,1.0,3924.0,32.0,3923.0,5.0,3924.0,3914.0
2018-04-26 21:01:46.500,rb1805,3923.0,0.0,0.0,1.0,3924.0,32.0,3923.0,5.0,3924.0,3914.0
2018-04-26 21:01:47.000,rb1805,3923.0,0.0,0.0,1.0,3924.0,35.0,3923.0,5.0,3924.0,3914.0
2018-04-26 21:01:47.500,rb1805,3923.0,0.0,0.0,1.0,3924.0,35.0,3923.0,6.0,3924.0,3914.0
2018-04-26 21:01:48.000,rb1805,3923.0,12.0,470760.0,1.0,3923.0,14.0,3922.0,46.0,3924.0,3914.0
2018-04-26 21:01:48.500,rb1805,3923.0,0.0,0.0,1.0,3923.0,15.0,3922.0,46.0,3924.0,3914.0
2018-04-26 21:01:49.000,rb1805,3923.0,0.0,0.0,1.0,3923.0,16.0,3922.0,46.0,3924.0,3914.0
2018-04-26 21:01:49.500,rb1805,3923.0,0.0,0.0,1.0,3923.0,16.0,3922.0,46.0,3924.0,3914.0
2018-04-26 21:01:50.000,rb1805,3923.0,0.0,0.0,1.0,3923.0,16.0,3922.0,46.0,3924.0,3914.0
2018-04-26 21:01:50.500,rb1805,3923.0,0.0,0.0,1.0,3923.0,17.0,3922.0,46.0,3924.0,3914.0
2018-04-26 21:01:51.000,rb1805,3923.0,0.0,0.0,1.0,3923.0,17.0,3922.0,64.0,3924.0,3914.0
2018-04-26 21:01:51.500,rb1805,3923.0,0.0,0.0,1.0,3923.0,18.0,3922.0,64.0,3924.0,3914.0
2018-04-26 21:01:52.000,rb1805,3923.0,0.0,0.0,1.0,3923.0,18.0,3922.0,69.0,3924.0,3914.0
2018-04-26 21:01:52.500,rb1805,3923.0,0.0,0.0,1.0,3923.0,18.0,3922.0,69.0,3924.0,3914.0
2018-04-26 21:01:53.000,rb1805,3923.0,0.0,0.0,1.0,3923.0,18.0,3922.0,69.0,3924.0,3914.0
2018-04-26 21:01:53.500,rb1805,3923.0,0.0,0.0,1.0,3923.0,18.0,3922.0,69.0,3924.0,3914.0
2018-04-26 21:01:54.000,rb1805,3923.0,0.0,0.0,1.0,3923.0,18.0,3922.0,69.0,3924.0,3914.0
2018-04-26 21:01:54.500,rb1805,3923.0,0.0,0.0,1.0,3923.0,18.0,3922.0,70.0,3924.0,3914.0
2018-04-26 21:01:55.000,rb1805,3923.0,0.0,0.0,1.0,3923.0,18.0,3922.0,70.0,3924.0,3914.0
2018-04-26 21:01:55.500,rb1805,3923.0,0.0,0.0,1.0,3923.0,18.0,3922.0,70.0,3924.0,3914.0
2018-04-26 21:01:56.000,rb1805,3923.0,0.0,0.0,1.0,3923.0,18.0,3922.0,70.0,3924.0,3914.0
2018-04-26 21:01:56.500,rb1805,3923.0,0.0,0.0,1.0,3923.0,18.0,3922.0,70.0,3924.0,3914.0
2018-04-26 21:01:57.000,rb1805,3923.0,0.0,0.0,1.0,3923.0,18.0,3922.0,70.0,3924.0,3914.0
2018-04-26 21:01:57.500,rb1805,3923.0,0.0,0.0,1.0,3923.0,18.0,3922.0,70.0,3924.0,3914.0
2018-04-26 21:01:58.000,rb1805,3923.0,0.0,0.0,1.0,3923.0,18.0,3922.0,70.0,3924.0,3914.0
2018-04-26 21:01:58.500,rb1805,3922.0,2.0,78440.0,1.0,3923.0,18.0,3922.0,67.0,3924.0,3914.0
2018-04-26 21:01:59.000,rb1805,3923.0,20.0,784600.0,1.0,3923.0,9.0,3922.0,62.0,3924.0,3914.0
2018-04-26 21:01:59.500,rb1805,3923.0,0.0,0.0,1.0,3923.0,7.0,3922.0,62.0,3924.0,3914.0
2018-04-26 21:02:00.000,rb1805,3923.0,2.0,78460.0,1.0,3923.0,6.0,3922.0,62.0,3924.0,3914.0
2018-04-26 21:02:00.500,rb1805,3923.0,26.0,1019980.0,1.0,3923.0,3.0,3922.0,62.0,3924.0,3914.0
2018-04-26 21:02:01.000,rb1805,3923.0,0.0,0.0,1.0,3923.0,11.0,3922.0,62.0,3924.0,3914.0
2018-04-26 21:02:01.500,rb1805,3923.0,0.0,0.0,1.0,3923.0,11.0,3922.0,62.0,3924.0,3914.0
2018-04-26 21:02:02.000,rb1805,3923.0,0.0,0.0,1.0,3923.0,11.0,3922.0,62.0,3924.0,3914.0
2018-04-26 21:02:02.500,rb1805,3923.0,0.0,0.0,1.0,3923.0,11.0,3922.0,62.0,3924.0,3914.0
2018-04-26 21:02:03.000,rb1805,3923.0,0.0,0.0,1.0,3923.0,11.0,3922.0,62.0,3924.0,3914.0
2018-04-26 21:02:03.500,rb1805,3923.0,2.0,78460.0,1.0,3923.0,10.0,3922.0,62.0,3924.0,3914.0
2018-04-26 21:02:04.000,rb1805,3923.0,0.0,0.0,1.0,3923.0,10.0,3922.0,63.0,3924.0,3914.0
2018-04-26 21:02:04.500,rb1805,3923.0,4.0,156920.0,1.0,3923.0,8.0,3922.0,63.0,3924.0,3914.0
2018-04-26 21:02:05.000,rb1805,3923.0,20.0,784600.0,1.0,3924.0,33.0,3923.0,20.0,3924.0,3914.0
2018-04-26 21:02:05.500,rb1805,3923.0,40.0,1569200.0,1.0,3923.0,21.0,3922.0,60.0,3924.0,3914.0
2018-04-26 21:02:06.000,rb1805,3923.0,0.0,0.0,1.0,3923.0,5.0,3922.0,57.0,3924.0,3914.0
2018-04-26 21:02:06.500,rb1805,3923.0,0.0,0.0,1.0,3923.0,7.0,3922.0,57.0,3924.0,3914.0
2018-04-26 21:02:07.000,rb1805,3923.0,0.0,0.0,1.0,3923.0,8.0,3922.0,57.0,3924.0,3914.0
2018-04-26 21:02:07.500,rb1805,3923.0,0.0,0.0,1.0,3923.0,8.0,3922.0,57.0,3924.0,3914.0
2018-04-26 21:02:08.000,rb1805,3923.0,0.0,0.0,1.0,3923.0,7.0,3922.0,60.0,3924.0,3914.0
2018-04-26 21:02:08.500,rb1805,3923.0,0.0,0.0,1.0,3923.0,6.0,3922.0,60.0,3924.0,3914.0
2018-04-26 21:02:09.000,rb1805,3923.0,0.0,0.0,1.0,3923.0,6.0,3922.0,60.0,3924.0,3914.0
2018-04-26 21:02:09.500,rb1805,3923.0,0.0,0.0,1.0,3923.0,6.0,3922.0,60.0,3924.0,3914.0
2018-04-26 21:02:10.000,rb1805,3923.0,2.0,78460.0,1.0,3923.0,5.0,3922.0,60.0,3924.0,3914.0
2018-04-26 21:02:10.500,rb1805,3923.0,8.0,313840.0,1.0,3923.0,1.0,3922.0,60.0,3924.0,3914.0
2018-04-26 21:02:11.000,rb1805,3923.0,2.0,78460.0,1.0,3924.0,38.0,3923.0,1.0,3924.0,3914.0
2018-04-26 21:02:11.500,rb1805,3923.0,6.0,235380.0,1.0,3924.0,38.0,3923.0,8.0,3924.0,3914.0
2018-04-26 21:02:12.000,rb1805,3923.0,16.0,627680.0,1.0,3924.0,38.0,3922.0,60.0,3924.0,3914.0
2018-04-26 21:02:12.500,rb1805,3923.0,0.0,0.0,1.0,3924.0,38.0,3922.0,57.0,3924.0,3914.0
2018-04-26 21:02:13.000,rb1805,3924.0,2.0,78480.0,1.0,3924.0,37.0,3922.0,57.0,3924.0,3914.0
2018-04-26 21:02:13.500,rb1805,3924.0,62.0,2432880.0,1.0,3924.0,6.0,3922.0,57.0,3924.0,3914.0
2018-04-26 21:02:14.000,rb1805,3924.0,0.0,0.0,1.0,3924.0,6.0,3923.0,1.0,3924.0,3914.0
2018-04-26 21:02:14.500,rb1805,3924.0,0.0,0.0,1.0,3923.0,1.0,3922.0,57.0,3924.0,3914.0
2018-04-26 21:02:15.000,rb1805,3924.0,0.0,0.0,1.0,3923.0,9.0,3922.0,60.0,3924.0,3914.0
2018-04-26 21:02:15.500,rb1805,3924.0,0.0,0.0,1.0,3923.0,9.0,3922.0,60.0,3924.0,3914.0
2018-04-26 21:02:16.000,rb1805,3924.0,0.0,0.0,1.0,3923.0,9.0,3922.0,60.0,3924.0,3914.0
2018-04-26 21:02:16.500,rb1805,3924.0,0.0,0.0,1.0,3923.0,9.0,3922.0,60.0,3924.0,3914.0
2018-04-26 21:02:17.000,rb1805,3924.0,0.0,0.0,1.0,3923.0,9.0,3922.0,60.0,3924.0,3914.0
2018-04-26 21:02:17.500,rb1805,3924.0,0.0,0.0,1.0,3923.0,9.0,3922.0,60.0,3924.0,3914.0
2018-04-26 21:02:18.000,rb1805,3924.0,36.0,1412460.0,1.0,3925.0,206.0,3924.0,1.0,3924.0,3914.0
2018-04-26 21:02:18.500,rb1805,3924.0,2.0,78480.0,1.0,3924.0,4.0,3923.0,25.0,3924.0,3914.0
2018-04-26 21:02:19.000,rb1805,3924.0,0.0,0.0,1.0,3924.0,1.0,3923.0,24.0,3924.0,3914.0
2018-04-26 21:02:19.500,rb1805,3924.0,0.0,0.0,1.0,3924.0,7.0,3923.0,26.0,3924.0,3914.0
2018-04-26 21:02:20.000,rb1805,3924.0,0.0,0.0,1.0,3924.0,7.0,3923.0,25.0,3924.0,3914.0
2018-04-26 21:02:20.500,rb1805,3924.0,2.0,78480.0,1.0,3924.0,6.0,3923.0,26.0,3924.0,3914.0
2018-04-26 21:02:21.000,rb1805,3924.0,0.0,0.0,1.0,3924.0,6.0,3923.0,24.0,3924.0,3914.0
2018-04-26 21:02:21.500,rb1805,3924.0,0.0,0.0,1.0,3924.0,6.0,3923.0,11.0,3924.0,3914.0
2018-04-26 21:02:22.000,rb1805,3923.0,18.0,706140.0,1.0,3924.0,6.0,3923.0,2.0,3924.0,3914.0
2018-04-26 21:02:22.500,rb1805,3924.0,16.0,627800.0,1.0,3925.0,206.0,3924.0,174.0,3924.0,3914.0
2018-04-26 21:02:23.000,rb1805,3924.0,0.0,0.0,1.0,3925.0,206.0,3924.0,204.0,3924.0,3914.0
2018-04-26 21:02:23.500,rb1805,3924.0,0.0,0.0,1.0,3925.0,206.0,3924.0,204.0,3924.0,3914.0
2018-04-26 21:02:24.000,rb1805,3924.0,0.0,0.0,1.0,3925.0,206.0,3924.0,204.0,3924.0,3914.0
2018-04-26 21:02:24.500,rb1805,3924.0,0.0,0.0,1.0,3925.0,207.0,3924.0,204.0,3924.0,3914.0
2018-04-26 21:02:25.000,rb1805,3925.0,10.0,392500.0,1.0,3925.0,202.0,3924.0,204.0,3925.0,3914.0
2018-04-26 21:02:25.500,rb1805,3924.0,48.0,1883960.0,1.0,3925.0,180.0,3924.0,202.0,3925.0,3914.0
2018-04-26 21:02:26.000,rb1805,3924.0,0.0,0.0,1.0,3925.0,180.0,3924.0,202.0,3925.0,3914.0
2018-04-26 21:02:26.500,rb1805,3924.0,0.0,0.0,1.0,3925.0,180.0,3924.0,202.0,3925.0,3914.0
2018-04-26 21:02:27.000,rb1805,3924.0,0.0,0.0,1.0,3925.0,190.0,3924.0,203.0,3925.0,3914.0
2018-04-26 21:02:27.500,rb1805,3924.0,0.0,0.0,1.0,3925.0,191.0,3924.0,204.0,3925.0,3914.0
2018-04-26 21:02:28.000,rb1805,3924.0,0.0,0.0,1.0,3925.0,191.0,3924.0,205.0,3925.0,3914.0
2018-04-26 21:02:28.500,rb1805,3924.0,0.0,0.0,1.0,3925.0,191.0,3924.0,205.0,3925.0,3914.0
2018-04-26 21:02:29.000,rb1805,3924.0,0.0,0.0,1.0,3925.0,192.0,3924.0,206.0,3925.0,3914.0
2018-04-26 21:02:29.500,rb1805,3924.0,0.0,0.0,1.0,3925.0,192.0,3924.0,206.0,3925.0,3914.0
2018-04-26 21:02:30.000,rb1805,3925.0,4.0,156980.0,1.0,3925.0,191.0,3924.0,207.0,3925.0,3914.0
2018-04-26 21:02:30.500,rb1805,3925.0,0.0,0.0,1.0,3925.0,191.0,3924.0,207.0,3925.0,3914.0
2018-04-26 21:02:31.000,rb1805,3924.0,4.0,156960.0,1.0,3925.0,191.0,3924.0,204.0,3925.0,3914.0
2018-04-26 21:02:31.500,rb1805,3925.0,80.0,3140000.0,1.0,3925.0,152.0,3924.0,204.0,3925.0,3914.0
2018-04-26 21:02:32.000,rb1805,3925.0,0.0,0.0,1.0,3925.0,152.0,3924.0,205.0,3925.0,3914.0
2018-04-26 21:02:32.500,rb1805,3925.0,0.0,0.0,1.0,3925.0,152.0,3924.0,205.0,3925.0,3914.0
2018-04-26 21:02:33.000,rb1805,3925.0,0.0,0.0,1.0,3925.0,152.0,3924.0,205.0,3925.0,3914.0
2018-04-26 21:02:33.500,rb1805,3925.0,2.0,78500.0,1.0,3925.0,151.0,3924.0,205.0,3925.0,3914.0
2018-04-26 21:02:34.000,rb1805,3925.0,2.0,78500.0,1.0,3925.0,151.0,3924.0,205.0,3925.0,3914.0
2018-04-26 21:02:34.500,rb1805,3925.0,82.0,3218500.0,1.0,3925.0,110.0,3924.0,205.0,3925.0,3914.0
2018-04-26 21:02:35.000,rb1805,3925.0,0.0,0.0,1.0,3925.0,110.0,3924.0,205.0,3925.0,3914.0
2018-04-26 21:02:35.500,rb1805,3925.0,0.0,0.0,1.0,3925.0,110.0,3924.0,205.0,3925.0,3914.0
2018-04-26 21:02:36.000,rb1805,3925.0,62.0,2433500.0,1.0,3925.0,79.0,3924.0,208.0,3925.0,3914.0
2018-04-26 21:02:36.500,rb1805,3925.0,0.0,0.0,1.0,3925.0,79.0,3924.0,206.0,3925.0,3914.0
2018-04-26 21:02:37.000,rb1805,3925.0,20.0,785000.0,1.0,3925.0,69.0,3924.0,206.0,3925.0,3914.0
2018-04-26 21:02:37.500,rb1805,3925.0,0.0,0.0,1.0,3925.0,69.0,3924.0,206.0,3925.0,3914.0
2018-04-26 21:02:38.000,rb1805,3925.0,2.0,78500.0,1.0,3925.0,68.0,3924.0,206.0,3925.0,3914.0
2018-04-26 21:02:38.500,rb1805,3925.0,10.0,392500.0,1.0,3925.0,63.0,3924.0,206.0,3925.0,3914.0
2018-04-26 21:02:39.000,rb1805,3925.0,82.0,3218500.0,1.0,3925.0,22.0,3924.0,206.0,3925.0,3914.0
2018-04-26 21:02:39.500,rb1805,3924.0,2.0,78480.0,1.0,3925.0,22.0,3924.0,204.0,3925.0,3914.0
2018-04-26 21:02:40.000,rb1805,3925.0,42.0,1648500.0,1.0,3925.0,1.0,3924.0,204.0,3925.0,3914.0
2018-04-26 21:02:40.500,rb1805,3925.0,2.0,78500.0,1.0,3926.0,651.0,3924.0,204.0,3925.0,3914.0
2018-04-26 21:02:41.000,rb1805,3925.0,0.0,0.0,1.0,3926.0,651.0,3924.0,204.0,3925.0,3914.0
2018-04-26 21:02:41.500,rb1805,3924.0,60.0,2354400.0,1.0,3926.0,651.0,3924.0,172.0,3925.0,3914.0
2018-04-26 21:02:42.000,rb1805,3924.0,0.0,0.0,1.0,3926.0,651.0,3925.0,1.0,3925.0,3914.0
2018-04-26 21:02:42.500,rb1805,3926.0,10.0,392580.0,1.0,3926.0,647.0,3924.0,171.0,3926.0,3914.0
2018-04-26 21:02:43.000,rb1805,3924.0,42.0,1648480.0,1.0,3926.0,637.0,3924.0,160.0,3926.0,3914.0
2018-04-26 21:02:43.500,rb1805,3924.0,0.0,0.0,1.0,3926.0,642.0,3924.0,160.0,3926.0,3914.0
2018-04-26 21:02:44.000,rb1805,3924.0,6.0,235440.0,1.0,3926.0,642.0,3924.0,157.0,3926.0,3914.0
2018-04-26 21:02:44.500,rb1805,3924.0,0.0,0.0,1.0,3925.0,1.0,3924.0,157.0,3926.0,3914.0
2018-04-26 21:02:45.000,rb1805,3924.0,0.0,0.0,1.0,3925.0,1.0,3924.0,159.0,3926.0,3914.0
2018-04-26 21:02:45.500,rb1805,3926.0,82.0,3219300.0,1.0,3926.0,602.0,3925.0,18.0,3926.0,3914.0
2018-04-26 21:02:46.000,rb1805,3925.0,12.0,471000.0,1.0,3926.0,597.0,3925.0,12.0,3926.0,3914.0
2018-04-26 21:02:46.500,rb1805,3925.0,2.0,78500.0,1.0,3926.0,597.0,3925.0,16.0,3926.0,3914.0
2018-04-26 21:02:47.000,rb1805,3925.0,0.0,0.0,1.0,3926.0,597.0,3925.0,16.0,3926.0,3914.0
2018-04-26 21:02:47.500,rb1805,3925.0,0.0,0.0,1.0,3926.0,598.0,3925.0,16.0,3926.0,3914.0
2018-04-26 21:02:48.000,rb1805,3925.0,2.0,78500.0,1.0,3926.0,598.0,3925.0,15.0,3926.0,3914.0
2018-04-26 21:02:48.500,rb1805,3925.0,2.0,78500.0,1.0,3926.0,598.0,3925.0,15.0,3926.0,3914.0
2018-04-26 21:02:49.000,rb1805,3926.0,36.0,1413060.0,1.0,3926.0,595.0,3925.0,1.0,3926.0,3914.0
2018-04-26 21:02:49.500,rb1805,3925.0,2.0,78500.0,1.0,3926.0,595.0,3924.0,162.0,3926.0,3914.0
2018-04-26 21:02:50.000,rb1805,3925.0,0.0,0.0,1.0,3926.0,600.0,3924.0,159.0,3926.0,3914.0
2018-04-26 21:02:50.500,rb1805,3925.0,0.0,0.0,1.0,3925.0,2.0,3924.0,159.0,3926.0,3914.0
2018-04-26 21:02:51.000,rb1805,3924.0,72.0,2825280.0,1.0,3925.0,2.0,3924.0,123.0,3926.0,3914.0
2018-04-26 21:02:51.500,rb1805,3925.0,4.0,157000.0,1.0,3926.0,600.0,3924.0,123.0,3926.0,3914.0
2018-04-26 21:02:52.000,rb1805,3925.0,0.0,0.0,1.0,3926.0,600.0,3925.0,5.0,3926.0,3914.0
2018-04-26 21:02:52.500,rb1805,3926.0,150.0,5888900.0,1.0,3926.0,534.0,3924.0,123.0,3926.0,3914.0
2018-04-26 21:02:53.000,rb1805,3926.0,0.0,0.0,1.0,3926.0,535.0,3924.0,123.0,3926.0,3914.0
2018-04-26 21:02:53.500,rb1805,3924.0,8.0,313920.0,1.0,3925.0,1.0,3924.0,119.0,3926.0,3914.0
2018-04-26 21:02:54.000,rb1805,3924.0,0.0,0.0,1.0,3925.0,1.0,3924.0,122.0,3926.0,3914.0
2018-04-26 21:02:54.500,rb1805,3926.0,4.0,157020.0,1.0,3926.0,534.0,3924.0,122.0,3926.0,3914.0
2018-04-26 21:02:55.000,rb1805,3926.0,4.0,157040.0,1.0,3926.0,532.0,3924.0,119.0,3926.0,3914.0
2018-04-26 21:02:55.500,rb1805,3926.0,0.0,0.0,1.0,3926.0,532.0,3924.0,119.0,3926.0,3914.0
2018-04-26 21:02:56.000,rb1805,3926.0,0.0,0.0,1.0,3926.0,532.0,3924.0,119.0,3926.0,3914.0
2018-04-26 21:02:56.500,rb1805,3926.0,0.0,0.0,1.0,3926.0,532.0,3925.0,3.0,3926.0,3914.0
2018-04-26 21:02:57.000,rb1805,3925.0,6.0,235500.0,1.0,3926.0,532.0,3924.0,119.0,3926.0,3914.0
2018-04-26 21:02:57.500,rb1805,3925.0,0.0,0.0,1.0,3926.0,532.0,3924.0,119.0,3926.0,3914.0
2018-04-26 21:02:58.000,rb1805,3924.0,2.0,78480.0,1.0,3926.0,532.0,3924.0,118.0,3926.0,3914.0
2018-04-26 21:02:58.500,rb1805,3926.0,28.0,1099280.0,1.0,3926.0,518.0,3924.0,118.0,3926.0,3914.0
2018-04-26 21:02:59.000,rb1805,3926.0,0.0,0.0,1.0,3926.0,518.0,3924.0,119.0,3926.0,3914.0
2018-04-26 21:02:59.500,rb1805,3926.0,0.0,0.0,1.0,3926.0,518.0,3924.0,119.0,3926.0,3914.0
2018-04-26 21:03:00.000,rb1805,3926.0,0.0,0.0,1.0,3926.0,518.0,3924.0,119.0,3926.0,3914.0
2018-04-26 21:03:00.500,rb1805,3926.0,14.0,549420.0,1.0,3926.0,517.0,3924.0,114.0,3926.0,3914.0
2018-04-26 21:03:01.000,rb1805,3926.0,2.0,78520.0,1.0,3926.0,516.0,3924.0,115.0,3926.0,3914.0
2018-04-26 21:03:01.500,rb1805,3926.0,0.0,0.0,1.0,3926.0,516.0,3924.0,115.0,3926.0,3914.0
2018-04-26 21:03:02.000,rb1805,3926.0,0.0,0.0,1.0,3926.0,516.0,3924.0,115.0,3926.0,3914.0
2018-04-26 21:03:02.500,rb1805,3926.0,0.0,0.0,1.0,3926.0,516.0,3924.0,115.0,3926.0,3914.0
2018-04-26 21:03:03.000,rb1805,3926.0,60.0,2355600.0,1.0,3926.0,487.0,3924.0,115.0,3926.0,3914.0
2018-04-26 21:03:03.500,rb1805,3926.0,0.0,0.0,1.0,3926.0,487.0,3924.0,115.0,3926.0,3914.0
2018-04-26 21:03:04.000,rb1805,3926.0,0.0,0.0,1.0,3926.0,487.0,3924.0,117.0,3926.0,3914.0
2018-04-26 21:03:04.500,rb1805,3926.0,0.0,0.0,1.0,3926.0,487.0,3924.0,118.0,3926.0,3914.0
2018-04-26 21:03:05.000,rb1805,3926.0,0.0,0.0,1.0,3926.0,487.0,3924.0,118.0,3926.0,3914.0
2018-04-26 21:03:05.500,rb1805,3926.0,20.0,785200.0,1.0,3926.0,477.0,3924.0,118.0,3926.0,3914.0
2018-04-26 21:03:06.000,rb1805,3926.0,0.0,0.0,1.0,3926.0,477.0,3924.0,118.0,3926.0,3914.0
2018-04-26 21:03:06.500,rb1805,3926.0,20.0,785200.0,1.0,3926.0,468.0,3924.0,118.0,3926.0,3914.0
2018-04-26 21:03:07.000,rb1805,3926.0,0.0,0.0,1.0,3926.0,468.0,3924.0,119.0,3926.0,3914.0
2018-04-26 21:03:07.500,rb1805,3925.0,2.0,78500.0,1.0,3926.0,468.0,3924.0,117.0,3926.0,3914.0
2018-04-26 21:03:08.000,rb1805,3926.0,4.0,157040.0,1.0,3926.0,466.0,3924.0,117.0,3926.0,3914.0
2018-04-26 21:03:08.500,rb1805,3926.0,300.0,11778000.0,1.0,3926.0,316.0,3924.0,117.0,3926.0,3914.0
2018-04-26 21:03:09.000,rb1805,3926.0,2.0,78520.0,1.0,3926.0,315.0,3924.0,119.0,3926.0,3914.0
2018-04-26 21:03:09.500,rb1805,3926.0,0.0,0.0,1.0,3926.0,315.0,3924.0,119.0,3926.0,3914.0
2018-04-26 21:03:10.000,rb1805,3926.0,2.0,78520.0,1.0,3926.0,314.0,3924.0,119.0,3926.0,3914.0
2018-04-26 21:03:10.500,rb1805,3926.0,0.0,0.0,1.0,3926.0,314.0,3924.0,116.0,3926.0,3914.0
2018-04-26 21:03:11.000,rb1805,3926.0,0.0,0.0,1.0,3926.0,314.0,3924.0,116.0,3926.0,3914.0
2018-04-26 21:03:11.500,rb1805,3926.0,0.0,0.0,1.0,3926.0,314.0,3924.0,116.0,3926.0,3914.0
2018-04-26 21:03:12.000,rb1805,3926.0,0.0,0.0,1.0,3926.0,314.0,3924.0,116.0,3926.0,3914.0
2018-04-26 21:03:12.500,rb1805,3926.0,0.0,0.0,1.0,3926.0,314.0,3924.0,116.0,3926.0,3914.0
2018-04-26 21:03:13.000,rb1805,3926.0,8.0,314080.0,1.0,3926.0,310.0,3924.0,118.0,3926.0,3914.0
2018-04-26 21:03:13.500,rb1805,3924.0,6.0,235440.0,1.0,3925.0,1.0,3924.0,115.0,3926.0,3914.0
2018-04-26 21:03:14.000,rb1805,3924.0,0.0,0.0,1.0,3925.0,1.0,3924.0,118.0,3926.0,3914.0
2018-04-26 21:03:14.500,rb1805,3924.0,0.0,0.0,1.0,3925.0,2.0,3924.0,118.0,3926.0,3914.0
2018-04-26 21:03:15.000,rb1805,3925.0,6.0,235480.0,1.0,3926.0,309.0,3924.0,118.0,3926.0,3914.0
2018-04-26 21:03:15.500,rb1805,3925.0,0.0,0.0,1.0,3926.0,309.0,3924.0,115.0,3926.0,3914.0
2018-04-26 21:03:16.000,rb1805,3925.0,0.0,0.0,1.0,3926.0,309.0,3924.0,115.0,3926.0,3914.0
2018-04-26 21:03:16.500,rb1805,3925.0,0.0,0.0,1.0,3926.0,309.0,3924.0,114.0,3926.0,3914.0
2018-04-26 21:03:17.000,rb1805,3925.0,0.0,0.0,1.0,3926.0,309.0,3924.0,114.0,3926.0,3914.0
2018-04-26 21:03:17.500,rb1805,3924.0,8.0,313920.0,1.0,3926.0,309.0,3924.0,110.0,3926.0,3914.0
2018-04-26 21:03:18.000,rb1805,3924.0,0.0,0.0,1.0,3926.0,309.0,3924.0,110.0,3926.0,3914.0
2018-04-26 21:03:18.500,rb1805,3924.0,0.0,0.0,1.0,3926.0,309.0,3924.0,110.0,3926.0,3914.0
2018-04-26 21:03:19.000,rb1805,3924.0,0.0,0.0,1.0,3926.0,309.0,3924.0,110.0,3926.0,3914.0
2018-04-26 21:03:19.500,rb1805,3924.0,0.0,0.0,1.0,3926.0,311.0,3924.0,110.0,3926.0,3914.0
2018-04-26 21:03:20.000,rb1805,3924.0,0.0,0.0,1.0,3926.0,309.0,3924.0,110.0,3926.0,3914.0
2018-04-26 21:03:20.500,rb1805,3924.0,2.0,78480.0,1.0,3925.0,2.0,3924.0,109.0,3926.0,3914.0
2018-04-26 21:03:21.000,rb1805,3926.0,60.0,2355560.0,1.0,3926.0,282.0,3924.0,112.0,3926.0,3914.0
2018-04-26 21:03:21.500,rb1805,3926.0,8.0,314080.0,1.0,3926.0,279.0,3924.0,109.0,3926.0,3914.0
2018-04-26 21:03:22.000,rb1805,3926.0,0.0,0.0,1.0,3926.0,279.0,3924.0,109.0,3926.0,3914.0
2018-04-26 21:03:22.500,rb1805,3926.0,0.0,0.0,1.0,3926.0,279.0,3924.0,109.0,3926.0,3914.0
2018-04-26 21:03:23.000,rb1805,3926.0,2.0,78520.0,1.0,3925.0,1.0,3924.0,109.0,3926.0,3914.0
2018-04-26 21:03:23.500,rb1805,3926.0,62.0,2434100.0,1.0,3926.0,248.0,3924.0,112.0,3926.0,3914.0
2018-04-26 21:03:24.000,rb1805,3926.0,0.0,0.0,1.0,3926.0,252.0,3924.0,109.0,3926.0,3914.0
2018-04-26 21:03:24.500,rb1805,3926.0,0.0,0.0,1.0,3926.0,250.0,3925.0,1.0,3926.0,3914.0
2018-04-26 21:03:25.000,rb1805,3926.0,0.0,0.0,1.0,3926.0,250.0,3925.0,1.0,3926.0,3914.0
2018-04-26 21:03:25.500,rb1805,3926.0,0.0,0.0,1.0,3926.0,250.0,3925.0,1.0,3926.0,3914.0
2018-04-26 21:03:26.000,rb1805,3926.0,0.0,0.0,1.0,3926.0,250.0,3925.0,2.0,3926.0,3914.0
2018-04-26 21:03:26.500,rb1805,3926.0,0.0,0.0,1.0,3926.0,251.0,3925.0,2.0,3926.0,3914.0
2018-04-26 21:03:27.000,rb1805,3926.0,0.0,0.0,1.0,3926.0,251.0,3925.0,2.0,3926.0,3914.0
2018-04-26 21:03:27.500,rb1805,3926.0,0.0,0.0,1.0,3926.0,251.0,3925.0,2.0,3926.0,3914.0
2018-04-26 21:03:28.000,rb1805,3926.0,0.0,0.0,1.0,3926.0,251.0,3925.0,2.0,3926.0,3914.0
2018-04-26 21:03:28.500,rb1805,3926.0,0.0,0.0,1.0,3926.0,251.0,3925.0,2.0,3926.0,3914.0
2018-04-26 21:03:29.000,rb1805,3926.0,0.0,0.0,1.0,3926.0,251.0,3925.0,2.0,3926.0,3914.0
2018-04-26 21:03:29.500,rb1805,3926.0,0.0,0.0,1.0,3926.0,251.0,3925.0,3.0,3926.0,3914.0
2018-04-26 21:03:30.000,rb1805,3926.0,0.0,0.0,1.0,3926.0,251.0,3925.0,3.0,3926.0,3914.0
2018-04-26 21:03:30.500,rb1805,3925.0,6.0,235500.0,1.0,3926.0,251.0,3924.0,108.0,3926.0,3914.0
2018-04-26 21:03:31.000,rb1805,3925.0,0.0,0.0,1.0,3926.0,251.0,3924.0,108.0,3926.0,3914.0
2018-04-26 21:03:31.500,rb1805,3925.0,0.0,0.0,1.0,3926.0,253.0,3924.0,108.0,3926.0,3914.0
2018-04-26 21:03:32.000,rb1805,3926.0,2.0,78520.0,1.0,3926.0,250.0,3924.0,108.0,3926.0,3914.0
2018-04-26 21:03:32.500,rb1805,3926.0,20.0,785200.0,1.0,3925.0,2.0,3924.0,108.0,3926.0,3914.0
2018-04-26 21:03:33.000,rb1805,3926.0,0.0,0.0,1.0,3925.0,2.0,3924.0,111.0,3926.0,3914.0
2018-04-26 21:03:33.500,rb1805,3924.0,2.0,78480.0,1.0,3925.0,2.0,3924.0,110.0,3926.0,3914.0
2018-04-26 21:03:34.000,rb1805,3924.0,0.0,0.0,1.0,3925.0,4.0,3924.0,110.0,3926.0,3914.0
2018-04-26 21:03:34.500,rb1805,3924.0,0.0,0.0,1.0,3925.0,4.0,3924.0,110.0,3926.0,3914.0
2018-04-26 21:03:35.000,rb1805,3924.0,0.0,0.0,1.0,3925.0,4.0,3924.0,110.0,3926.0,3914.0
2018-04-26 21:03:35.500,rb1805,3924.0,0.0,0.0,1.0,3925.0,4.0,3924.0,110.0,3926.0,3914.0
2018-04-26 21:03:36.000,rb1805,3924.0,0.0,0.0,1.0,3925.0,4.0,3924.0,111.0,3926.0,3914.0
2018-04-26 21:03:36.500,rb1805,3924.0,0.0,0.0,1.0,3925.0,4.0,3924.0,111.0,3926.0,3914.0
2018-04-26 21:03:37.000,rb1805,3925.0,8.0,314000.0,1.0,3926.0,239.0,3925.0,1.0,3926.0,3914.0
2018-04-26 21:03:37.500,rb1805,3925.0,2.0,78500.0,1.0,3926.0,238.0,3924.0,111.0,3926.0,3914.0
2018-04-26 21:03:38.000,rb1805,3925.0,0.0,0.0,1.0,3926.0,238.0,3925.0,2.0,3926.0,3914.0
2018-04-26 21:03:38.500,rb1805,3925.0,0.0,0.0,1.0,3926.0,238.0,3925.0,2.0,3926.0,3914.0
2018-04-26 21:03:39.000,rb1805,3925.0,0.0,0.0,1.0,3926.0,238.0,3925.0,3.0,3926.0,3914.0
2018-04-26 21:03:39.500,rb1805,3925.0,2.0,78500.0,1.0,3926.0,238.0,3925.0,2.0,3926.0,3914.0
2018-04-26 21:03:40.000,rb1805,3925.0,0.0,0.0,1.0,3926.0,238.0,3925.0,7.0,3926.0,3914.0
2018-04-26 21:03:40.500,rb1805,3925.0,2.0,78500.0,1.0,3926.0,238.0,3925.0,6.0,3926.0,3914.0
2018-04-26 21:03:41.000,rb1805,3925.0,0.0,0.0,1.0,3926.0,238.0,3925.0,13.0,3926.0,3914.0
2018-04-26 21:03:41.500,rb1805,3925.0,0.0,0.0,1.0,3926.0,238.0,3925.0,14.0,3926.0,3914.0
2018-04-26 21:03:42.000,rb1805,3926.0,8.0,314080.0,1.0,3926.0,234.0,3925.0,18.0,3926.0,3914.0
2018-04-26 21:03:42.500,rb1805,3926.0,0.0,0.0,1.0,3926.0,234.0,3925.0,19.0,3926.0,3914.0
2018-04-26 21:03:43.000,rb1805,3925.0,4.0,157000.0,1.0,3926.0,234.0,3925.0,17.0,3926.0,3914.0
2018-04-26 21:03:43.500,rb1805,3925.0,6.0,235500.0,1.0,3926.0,234.0,3925.0,12.0,3926.0,3914.0
2018-04-26 21:03:44.000,rb1805,3925.0,0.0,0.0,1.0,3926.0,234.0,3925.0,8.0,3926.0,3914.0
2018-04-26 21:03:44.500,rb1805,3925.0,0.0,0.0,1.0,3926.0,235.0,3925.0,8.0,3926.0,3914.0
2018-04-26 21:03:45.000,rb1805,3925.0,0.0,0.0,1.0,3926.0,235.0,3925.0,8.0,3926.0,3914.0
2018-04-26 21:03:45.500,rb1805,3925.0,0.0,0.0,1.0,3926.0,235.0,3925.0,9.0,3926.0,3914.0
2018-04-26 21:03:46.000,rb1805,3925.0,0.0,0.0,1.0,3926.0,235.0,3925.0,9.0,3926.0,3914.0
2018-04-26 21:03:46.500,rb1805,3925.0,2.0,78500.0,1.0,3926.0,235.0,3925.0,8.0,3926.0,3914.0
2018-04-26 21:03:47.000,rb1805,3925.0,2.0,78500.0,1.0,3926.0,235.0,3925.0,7.0,3926.0,3914.0
2018-04-26 21:03:47.500,rb1805,3926.0,6.0,235540.0,1.0,3926.0,233.0,3925.0,6.0,3926.0,3914.0
2018-04-26 21:03:48.000,rb1805,3926.0,0.0,0.0,1.0,3926.0,233.0,3925.0,6.0,3926.0,3914.0
2018-04-26 21:03:48.500,rb1805,3926.0,0.0,0.0,1.0,3926.0,233.0,3925.0,6.0,3926.0,3914.0
2018-04-26 21:03:49.000,rb1805,3925.0,10.0,392500.0,1.0,3926.0,233.0,3925.0,1.0,3926.0,3914.0
2018-04-26 21:03:49.500,rb1805,3926.0,42.0,1648900.0,1.0,3926.0,213.0,3925.0,10.0,3926.0,3914.0
2018-04-26 21:03:50.000,rb1805,3926.0,0.0,0.0,1.0,3926.0,213.0,3925.0,10.0,3926.0,3914.0
2018-04-26 21:03:50.500,rb1805,3926.0,0.0,0.0,1.0,3926.0,213.0,3925.0,10.0,3926.0,3914.0
2018-04-26 21:03:51.000,rb1805,3926.0,0.0,0.0,1.0,3926.0,213.0,3925.0,11.0,3926.0,3914.0
2018-04-26 21:03:51.500,rb1805,3926.0,0.0,0.0,1.0,3926.0,213.0,3925.0,11.0,3926.0,3914.0
2018-04-26 21:03:52.000,rb1805,3926.0,0.0,0.0,1.0,3926.0,213.0,3925.0,11.0,3926.0,3914.0
2018-04-26 21:03:52.500,rb1805,3925.0,2.0,78500.0,1.0,3926.0,213.0,3925.0,10.0,3926.0,3914.0
2018-04-26 21:03:53.000,rb1805,3925.0,0.0,0.0,1.0,3926.0,213.0,3925.0,10.0,3926.0,3914.0
2018-04-26 21:03:53.500,rb1805,3925.0,0.0,0.0,1.0,3926.0,213.0,3925.0,9.0,3926.0,3914.0
2018-04-26 21:03:54.000,rb1805,3925.0,6.0,235500.0,1.0,3926.0,213.0,3925.0,6.0,3926.0,3914.0
2018-04-26 21:03:54.500,rb1805,3925.0,0.0,0.0,1.0,3926.0,213.0,3925.0,6.0,3926.0,3914.0
2018-04-26 21:03:55.000,rb1805,3925.0,0.0,0.0,1.0,3926.0,213.0,3925.0,6.0,3926.0,3914.0
2018-04-26 21:03:55.500,rb1805,3925.0,0.0,0.0,1.0,3926.0,213.0,3925.0,6.0,3926.0,3914.0
2018-04-26 21:03:56.000,rb1805,3925.0,0.0,0.0,1.0,3926.0,213.0,3925.0,6.0,3926.0,3914.0
2018-04-26 21:03:56.500,rb1805,3925.0,0.0,0.0,1.0,3926.0,213.0,3925.0,6.0,3926.0,3914.0
2018-04-26 21:03:57.000,rb1805,3925.0,0.0,0.0,1.0,3926.0,213.0,3925.0,6.0,3926.0,3914.0
2018-04-26 21:03:57.500,rb1805,3925.0,0.0,0.0,1.0,3926.0,216.0,3925.0,6.0,3926.0,3914.0
2018-04-26 21:03:58.000,rb1805,3926.0,10.0,392600.0,1.0,3926.0,211.0,3925.0,6.0,3926.0,3914.0
2018-04-26 21:03:58.500,rb1805,3926.0,2.0,78520.0,1.0,3926.0,210.0,3925.0,6.0,3926.0,3914.0
2018-04-26 21:03:59.000,rb1805,3925.0,2.0,78500.0,1.0,3926.0,210.0,3925.0,5.0,3926.0,3914.0
2018-04-26 21:03:59.500,rb1805,3925.0,0.0,0.0,1.0,3926.0,210.0,3925.0,5.0,3926.0,3914.0
2018-04-26 21:04:00.000,rb1805,3925.0,0.0,0.0,1.0,3926.0,210.0,3925.0,5.0,3926.0,3914.0
2018-04-26 21:04:00.500,rb1805,3925.0,2.0,78500.0,1.0,3926.0,210.0,3925.0,4.0,3926.0,3914.0
2018-04-26 21:04:01.000,rb1805,3925.0,0.0,0.0,1.0,3926.0,210.0,3925.0,4.0,3926.0,3914.0
2018-04-26 21:04:01.500,rb1805,3925.0,0.0,0.0,1.0,3926.0,210.0,3925.0,4.0,3926.0,3914.0
2018-04-26 21:04:02.000,rb1805,3925.0,0.0,0.0,1.0,3926.0,210.0,3925.0,4.0,3926.0,3914.0
2018-04-26 21:04:02.500,rb1805,3925.0,0.0,0.0,1.0,3926.0,210.0,3925.0,4.0,3926.0,3914.0
2018-04-26 21:04:03.000,rb1805,3925.0,0.0,0.0,1.0,3926.0,210.0,3925.0,4.0,3926.0,3914.0
2018-04-26 21:04:03.500,rb1805,3925.0,0.0,0.0,1.0,3926.0,210.0,3925.0,8.0,3926.0,3914.0
2018-04-26 21:04:04.000,rb1805,3925.0,0.0,0.0,1.0,3926.0,210.0,3925.0,16.0,3926.0,3914.0
2018-04-26 21:04:04.500,rb1805,3925.0,0.0,0.0,1.0,3926.0,210.0,3925.0,23.0,3926.0,3914.0
2018-04-26 21:04:05.000,rb1805,3925.0,2.0,78500.0,1.0,3926.0,210.0,3925.0,22.0,3926.0,3914.0
2018-04-26 21:04:05.500,rb1805,3926.0,92.0,3611920.0,1.0,3926.0,164.0,3925.0,22.0,3926.0,3914.0
2018-04-26 21:04:06.000,rb1805,3925.0,14.0,549600.0,1.0,3926.0,159.0,3925.0,22.0,3926.0,3914.0
2018-04-26 21:04:06.500,rb1805,3926.0,4.0,157040.0,1.0,3926.0,158.0,3925.0,20.0,3926.0,3914.0
2018-04-26 21:04:07.000,rb1805,3926.0,0.0,0.0,1.0,3926.0,158.0,3925.0,23.0,3926.0,3914.0
2018-04-26 21:04:07.500,rb1805,3926.0,0.0,0.0,1.0,3926.0,158.0,3925.0,36.0,3926.0,3914.0
2018-04-26 21:04:08.000,rb1805,3926.0,214.0,8401640.0,1.0,3926.0,51.0,3925.0,36.0,3926.0,3914.0
2018-04-26 21:04:08.500,rb1805,3926.0,102.0,4004520.0,1.0,3927.0,546.0,3926.0,2.0,3926.0,3914.0
2018-04-26 21:04:09.000,rb1805,3926.0,10.0,392560.0,1.0,3927.0,543.0,3926.0,1.0,3926.0,3914.0
2018-04-26 21:04:09.500,rb1805,3926.0,0.0,0.0,1.0,3927.0,543.0,3926.0,1.0,3926.0,3914.0
2018-04-26 21:04:10.000,rb1805,3926.0,0.0,0.0,1.0,3927.0,543.0,3926.0,1.0,3926.0,3914.0
2018-04-26 21:04:10.500,rb1805,3926.0,0.0,0.0,1.0,3927.0,543.0,3926.0,1.0,3926.0,3914.0
2018-04-26 21:04:11.000,rb1805,3926.0,0.0,0.0,1.0,3927.0,545.0,3926.0,1.0,3926.0,3914.0
2018-04-26 21:04:11.500,rb1805,3926.0,0.0,0.0,1.0,3927.0,546.0,3926.0,1.0,3926.0,3914.0
2018-04-26 21:04:12.000,rb1805,3926.0,0.0,0.0,1.0,3927.0,548.0,3926.0,2.0,3926.0,3914.0
2018-04-26 21:04:12.500,rb1805,3926.0,0.0,0.0,1.0,3927.0,548.0,3926.0,2.0,3926.0,3914.0
2018-04-26 21:04:13.000,rb1805,3926.0,4.0,157040.0,1.0,3926.0,5.0,3925.0,34.0,3926.0,3914.0
2018-04-26 21:04:13.500,rb1805,3926.0,0.0,0.0,1.0,3926.0,12.0,3925.0,34.0,3926.0,3914.0
2018-04-26 21:04:14.000,rb1805,3926.0,0.0,0.0,1.0,3926.0,12.0,3925.0,22.0,3926.0,3914.0
2018-04-26 21:04:14.500,rb1805,3926.0,0.0,0.0,1.0,3926.0,12.0,3925.0,15.0,3926.0,3914.0
2018-04-26 21:04:15.000,rb1805,3926.0,0.0,0.0,1.0,3926.0,12.0,3925.0,15.0,3926.0,3914.0
2018-04-26 21:04:15.500,rb1805,3926.0,6.0,235560.0,1.0,3926.0,12.0,3925.0,13.0,3926.0,3914.0
2018-04-26 21:04:16.000,rb1805,3925.0,26.0,1020500.0,1.0,3925.0,13.0,3924.0,108.0,3926.0,3914.0
2018-04-26 21:04:16.500,rb1805,3925.0,0.0,0.0,1.0,3925.0,18.0,3924.0,108.0,3926.0,3914.0
2018-04-26 21:04:17.000,rb1805,3925.0,0.0,0.0,1.0,3925.0,13.0,3924.0,108.0,3926.0,3914.0
2018-04-26 21:04:17.500,rb1805,3925.0,0.0,0.0,1.0,3925.0,13.0,3924.0,108.0,3926.0,3914.0
2018-04-26 21:04:18.000,rb1805,3925.0,0.0,0.0,1.0,3925.0,13.0,3924.0,108.0,3926.0,3914.0
2018-04-26 21:04:18.500,rb1805,3925.0,0.0,0.0,1.0,3925.0,13.0,3924.0,108.0,3926.0,3914.0
2018-04-26 21:04:19.000,rb1805,3925.0,2.0,78500.0,1.0,3925.0,14.0,3924.0,108.0,3926.0,3914.0
2018-04-26 21:04:19.500,rb1805,3925.0,24.0,942000.0,1.0,3925.0,2.0,3924.0,108.0,3926.0,3914.0
2018-04-26 21:04:20.000,rb1805,3925.0,0.0,0.0,1.0,3925.0,2.0,3924.0,108.0,3926.0,3914.0
2018-04-26 21:04:20.500,rb1805,3925.0,0.0,0.0,1.0,3925.0,2.0,3924.0,108.0,3926.0,3914.0
2018-04-26 21:04:21.000,rb1805,3924.0,2.0,78480.0,1.0,3925.0,2.0,3924.0,108.0,3926.0,3914.0
2018-04-26 21:04:21.500,rb1805,3924.0,2.0,78480.0,1.0,3925.0,2.0,3924.0,107.0,3926.0,3914.0
2018-04-26 21:04:22.000,rb1805,3925.0,4.0,157000.0,1.0,3926.0,22.0,3924.0,107.0,3926.0,3914.0
2018-04-26 21:04:22.500,rb1805,3925.0,0.0,0.0,1.0,3926.0,19.0,3925.0,1.0,3926.0,3914.0
2018-04-26 21:04:23.000,rb1805,3925.0,0.0,0.0,1.0,3926.0,16.0,3925.0,1.0,3926.0,3914.0
2018-04-26 21:04:23.500,rb1805,3925.0,2.0,78500.0,1.0,3926.0,17.0,3925.0,1.0,3926.0,3914.0
2018-04-26 21:04:24.000,rb1805,3925.0,0.0,0.0,1.0,3926.0,17.0,3925.0,1.0,3926.0,3914.0
2018-04-26 21:04:24.500,rb1805,3925.0,0.0,0.0,1.0,3926.0,17.0,3925.0,1.0,3926.0,3914.0
2018-04-26 21:04:25.000,rb1805,3926.0,8.0,314080.0,1.0,3926.0,13.0,3925.0,1.0,3926.0,3914.0
2018-04-26 21:04:25.500,rb1805,3926.0,0.0,0.0,1.0,3926.0,13.0,3925.0,1.0,3926.0,3914.0
2018-04-26 21:04:26.000,rb1805,3925.0,2.0,78500.0,1.0,3926.0,13.0,3924.0,107.0,3926.0,3914.0
2018-04-26 21:04:26.500,rb1805,3925.0,0.0,0.0,1.0,3926.0,10.0,3924.0,107.0,3926.0,3914.0
2018-04-26 21:04:27.000,rb1805,3925.0,0.0,0.0,1.0,3926.0,11.0,3925.0,1.0,3926.0,3914.0
2018-04-26 21:04:27.500,rb1805,3925.0,0.0,0.0,1.0,3926.0,20.0,3925.0,1.0,3926.0,3914.0
2018-04-26 21:04:28.000,rb1805,3925.0,0.0,0.0,1.0,3926.0,20.0,3925.0,1.0,3926.0,3914.0
2018-04-26 21:04:28.500,rb1805,3925.0,0.0,0.0,1.0,3926.0,22.0,3925.0,1.0,3926.0,3914.0
2018-04-26 21:04:29.000,rb1805,3925.0,10.0,392500.0,1.0,3926.0,22.0,3925.0,4.0,3926.0,3914.0
2018-04-26 21:04:29.500,rb1805,3925.0,8.0,314000.0,1.0,3926.0,22.0,3924.0,106.0,3926.0,3914.0
2018-04-26 21:04:30.000,rb1805,3925.0,0.0,0.0,1.0,3926.0,19.0,3924.0,106.0,3926.0,3914.0
2018-04-26 21:04:30.500,rb1805,3925.0,0.0,0.0,1.0,3926.0,21.0,3925.0,30.0,3926.0,3914.0
2018-04-26 21:04:31.000,rb1805,3925.0,0.0,0.0,1.0,3926.0,19.0,3925.0,30.0,3926.0,3914.0
2018-04-26 21:04:31.500,rb1805,3926.0,38.0,1491880.0,1.0,3927.0,548.0,3926.0,31.0,3926.0,3914.0
2018-04-26 21:04:32.000,rb1805,3926.0,0.0,0.0,1.0,3927.0,549.0,3926.0,41.0,3926.0,3914.0
2018-04-26 21:04:32.500,rb1805,3926.0,0.0,0.0,1.0,3927.0,549.0,3926.0,41.0,3926.0,3914.0
2018-04-26 21:04:33.000,rb1805,3926.0,0.0,0.0,1.0,3927.0,549.0,3926.0,41.0,3926.0,3914.0
2018-04-26 21:04:33.500,rb1805,3926.0,0.0,0.0,1.0,3927.0,549.0,3926.0,41.0,3926.0,3914.0
2018-04-26 21:04:34.000,rb1805,3926.0,40.0,1570400.0,1.0,3927.0,549.0,3926.0,21.0,3926.0,3914.0
2018-04-26 21:04:34.500,rb1805,3927.0,20.0,785400.0,1.0,3927.0,539.0,3926.0,21.0,3927.0,3914.0
2018-04-26 21:04:35.000,rb1805,3927.0,14.0,549760.0,1.0,3927.0,536.0,3926.0,20.0,3927.0,3914.0
2018-04-26 21:04:35.500,rb1805,3927.0,0.0,0.0,1.0,3927.0,534.0,3926.0,20.0,3927.0,3914.0
2018-04-26 21:04:36.000,rb1805,3927.0,0.0,0.0,1.0,3927.0,535.0,3926.0,10.0,3927.0,3914.0
2018-04-26 21:04:36.500,rb1805,3927.0,0.0,0.0,1.0,3927.0,536.0,3926.0,10.0,3927.0,3914.0
2018-04-26 21:04:37.000,rb1805,3926.0,20.0,785200.0,1.0,3926.0,10.0,3925.0,31.0,3927.0,3914.0
2018-04-26 21:04:37.500,rb1805,3926.0,0.0,0.0,1.0,3926.0,10.0,3925.0,31.0,3927.0,3914.0
2018-04-26 21:04:38.000,rb1805,3926.0,0.0,0.0,1.0,3926.0,10.0,3925.0,31.0,3927.0,3914.0
2018-04-26 21:04:38.500,rb1805,3926.0,0.0,0.0,1.0,3926.0,10.0,3925.0,31.0,3927.0,3914.0
2018-04-26 21:04:39.000,rb1805,3926.0,2.0,78520.0,1.0,3926.0,9.0,3925.0,31.0,3927.0,3914.0
2018-04-26 21:04:39.500,rb1805,3926.0,2.0,78520.0,1.0,3926.0,10.0,3925.0,31.0,3927.0,3914.0
2018-04-26 21:04:40.000,rb1805,3926.0,0.0,0.0,1.0,3926.0,8.0,3925.0,31.0,3927.0,3914.0
2018-04-26 21:04:40.500,rb1805,3926.0,0.0,0.0,1.0,3926.0,15.0,3925.0,31.0,3927.0,3914.0
2018-04-26 21:04:41.000,rb1805,3926.0,0.0,0.0,1.0,3926.0,17.0,3925.0,31.0,3927.0,3914.0
2018-04-26 21:04:41.500,rb1805,3926.0,0.0,0.0,1.0,3926.0,18.0,3925.0,32.0,3927.0,3914.0
2018-04-26 21:04:42.000,rb1805,3926.0,0.0,0.0,1.0,3926.0,19.0,3925.0,33.0,3927.0,3914.0
2018-04-26 21:04:42.500,rb1805,3926.0,0.0,0.0,1.0,3926.0,18.0,3925.0,33.0,3927.0,3914.0
2018-04-26 21:04:43.000,rb1805,3926.0,0.0,0.0,1.0,3926.0,17.0,3925.0,33.0,3927.0,3914.0
2018-04-26 21:04:43.500,rb1805,3926.0,0.0,0.0,1.0,3926.0,17.0,3925.0,33.0,3927.0,3914.0
2018-04-26 21:04:44.000,rb1805,3926.0,8.0,314080.0,1.0,3926.0,14.0,3925.0,33.0,3927.0,3914.0
2018-04-26 21:04:44.500,rb1805,3926.0,0.0,0.0,1.0,3926.0,14.0,3925.0,33.0,3927.0,3914.0
2018-04-26 21:04:45.000,rb1805,3926.0,0.0,0.0,1.0,3926.0,14.0,3925.0,33.0,3927.0,3914.0
2018-04-26 21:04:45.500,rb1805,3926.0,4.0,157040.0,1.0,3926.0,12.0,3925.0,38.0,3927.0,3914.0
2018-04-26 21:04:46.000,rb1805,3926.0,0.0,0.0,1.0,3926.0,5.0,3925.0,38.0,3927.0,3914.0
2018-04-26 21:04:46.500,rb1805,3926.0,0.0,0.0,1.0,3926.0,5.0,3925.0,38.0,3927.0,3914.0
2018-04-26 21:04:47.000,rb1805,3926.0,10.0,392600.0,1.0,3927.0,542.0,3926.0,1.0,3927.0,3914.0
2018-04-26 21:04:47.500,rb1805,3926.0,0.0,0.0,1.0,3927.0,542.0,3926.0,20.0,3927.0,3914.0
2018-04-26 21:04:48.000,rb1805,3926.0,0.0,0.0,1.0,3927.0,539.0,3926.0,21.0,3927.0,3914.0
2018-04-26 21:04:48.500,rb1805,3926.0,0.0,0.0,1.0,3927.0,539.0,3926.0,21.0,3927.0,3914.0
2018-04-26 21:04:49.000,rb1805,3926.0,0.0,0.0,1.0,3927.0,539.0,3926.0,21.0,3927.0,3914.0
2018-04-26 21:04:49.500,rb1805,3926.0,0.0,0.0,1.0,3927.0,539.0,3926.0,21.0,3927.0,3914.0
2018-04-26 21:04:50.000,rb1805,3927.0,10.0,392700.0,1.0,3927.0,534.0,3926.0,21.0,3927.0,3914.0
2018-04-26 21:04:50.500,rb1805,3927.0,0.0,0.0,1.0,3927.0,534.0,3926.0,21.0,3927.0,3914.0
2018-04-26 21:04:51.000,rb1805,3927.0,0.0,0.0,1.0,3927.0,534.0,3926.0,21.0,3927.0,3914.0
2018-04-26 21:04:51.500,rb1805,3927.0,0.0,0.0,1.0,3927.0,534.0,3926.0,21.0,3927.0,3914.0
2018-04-26 21:04:52.000,rb1805,3927.0,0.0,0.0,1.0,3927.0,534.0,3926.0,21.0,3927.0,3914.0
2018-04-26 21:04:52.500,rb1805,3927.0,0.0,0.0,1.0,3927.0,537.0,3926.0,21.0,3927.0,3914.0
2018-04-26 21:04:53.000,rb1805,3927.0,0.0,0.0,1.0,3927.0,535.0,3926.0,72.0,3927.0,3914.0
2018-04-26 21:04:53.500,rb1805,3926.0,2.0,78520.0,1.0,3927.0,534.0,3926.0,71.0,3927.0,3914.0
2018-04-26 21:04:54.000,rb1805,3927.0,2.0,78540.0,1.0,3927.0,533.0,3926.0,71.0,3927.0,3914.0
2018-04-26 21:04:54.500,rb1805,3926.0,20.0,785200.0,1.0,3927.0,533.0,3926.0,61.0,3927.0,3914.0
2018-04-26 21:04:55.000,rb1805,3926.0,0.0,0.0,1.0,3927.0,533.0,3926.0,61.0,3927.0,3914.0
2018-04-26 21:04:55.500,rb1805,3926.0,62.0,2434120.0,1.0,3927.0,533.0,3926.0,30.0,3927.0,3914.0
2018-04-26 21:04:56.000,rb1805,3927.0,2.0,78540.0,1.0,3927.0,532.0,3926.0,30.0,3927.0,3914.0
2018-04-26 21:04:56.500,rb1805,3927.0,0.0,0.0,1.0,3927.0,539.0,3926.0,30.0,3927.0,3914.0
2018-04-26 21:04:57.000,rb1805,3927.0,0.0,0.0,1.0,3927.0,540.0,3926.0,30.0,3927.0,3914.0
2018-04-26 21:04:57.500,rb1805,3927.0,6.0,235620.0,1.0,3927.0,532.0,3926.0,35.0,3927.0,3914.0
2018-04-26 21:04:58.000,rb1805,3927.0,0.0,0.0,1.0,3927.0,532.0,3926.0,35.0,3927.0,3914.0
2018-04-26 21:04:58.500,rb1805,3927.0,0.0,0.0,1.0,3927.0,532.0,3926.0,35.0,3927.0,3914.0
2018-04-26 21:04:59.000,rb1805,3927.0,0.0,0.0,1.0,3927.0,532.0,3926.0,41.0,3927.0,3914.0
2018-04-26 21:04:59.500,rb1805,3927.0,0.0,0.0,1.0,3927.0,532.0,3926.0,41.0,3927.0,3914.0
2018-04-26 21:05:00.000,rb1805,3927.0,0.0,0.0,1.0,3927.0,535.0,3926.0,41.0,3927.0,3914.0
2018-04-26 21:05:00.500,rb1805,3927.0,0.0,0.0,1.0,3927.0,535.0,3926.0,41.0,3927.0,3914.0
2018-04-26 21:05:01.000,rb1805,3927.0,0.0,0.0,1.0,3927.0,535.0,3926.0,41.0,3927.0,3914.0
2018-04-26 21:05:01.500,rb1805,3927.0,2.0,78540.0,1.0,3927.0,534.0,3926.0,41.0,3927.0,3914.0
2018-04-26 21:05:02.000,rb1805,3927.0,0.0,0.0,1.0,3927.0,534.0,3926.0,43.0,3927.0,3914.0
2018-04-26 21:05:02.500,rb1805,3927.0,0.0,0.0,1.0,3927.0,534.0,3926.0,43.0,3927.0,3914.0
2018-04-26 21:05:03.000,rb1805,3927.0,0.0,0.0,1.0,3927.0,534.0,3926.0,43.0,3927.0,3914.0
2018-04-26 21:05:03.500,rb1805,3927.0,10.0,392700.0,1.0,3927.0,529.0,3926.0,43.0,3927.0,3914.0
2018-04-26 21:05:04.000,rb1805,3927.0,0.0,0.0,1.0,3927.0,530.0,3926.0,43.0,3927.0,3914.0
2018-04-26 21:05:04.500,rb1805,3927.0,0.0,0.0,1.0,3927.0,530.0,3926.0,43.0,3927.0,3914.0
2018-04-26 21:05:05.000,rb1805,3927.0,0.0,0.0,1.0,3927.0,530.0,3926.0,43.0,3927.0,3914.0
2018-04-26 21:05:05.500,rb1805,3927.0,4.0,157080.0,1.0,3927.0,528.0,3926.0,43.0,3927.0,3914.0
2018-04-26 21:05:06.000,rb1805,3927.0,0.0,0.0,1.0,3927.0,528.0,3926.0,43.0,3927.0,3914.0
2018-04-26 21:05:06.500,rb1805,3927.0,240.0,9424800.0,1.0,3927.0,408.0,3926.0,43.0,3927.0,3914.0
2018-04-26 21:05:07.000,rb1805,3926.0,2.0,78520.0,1.0,3927.0,408.0,3926.0,42.0,3927.0,3914.0
2018-04-26 21:05:07.500,rb1805,3926.0,4.0,157040.0,1.0,3927.0,408.0,3926.0,40.0,3927.0,3914.0
2018-04-26 21:05:08.000,rb1805,3926.0,0.0,0.0,1.0,3927.0,408.0,3926.0,40.0,3927.0,3914.0
2018-04-26 21:05:08.500,rb1805,3926.0,0.0,0.0,1.0,3927.0,408.0,3926.0,40.0,3927.0,3914.0
2018-04-26 21:05:09.000,rb1805,3926.0,0.0,0.0,1.0,3927.0,408.0,3926.0,40.0,3927.0,3914.0
2018-04-26 21:05:09.500,rb1805,3926.0,0.0,0.0,1.0,3927.0,408.0,3926.0,41.0,3927.0,3914.0
2018-04-26 21:05:10.000,rb1805,3926.0,0.0,0.0,1.0,3927.0,408.0,3926.0,43.0,3927.0,3914.0
2018-04-26 21:05:10.500,rb1805,3926.0,0.0,0.0,1.0,3927.0,408.0,3926.0,43.0,3927.0,3914.0
2018-04-26 21:05:11.000,rb1805,3926.0,0.0,0.0,1.0,3927.0,408.0,3926.0,43.0,3927.0,3914.0
2018-04-26 21:05:11.500,rb1805,3927.0,4.0,157080.0,1.0,3927.0,406.0,3926.0,44.0,3927.0,3914.0
2018-04-26 21:05:12.000,rb1805,3927.0,0.0,0.0,1.0,3927.0,407.0,3926.0,44.0,3927.0,3914.0
2018-04-26 21:05:12.500,rb1805,3927.0,0.0,0.0,1.0,3927.0,407.0,3926.0,44.0,3927.0,3914.0
2018-04-26 21:05:13.000,rb1805,3926.0,10.0,392600.0,1.0,3927.0,407.0,3926.0,39.0,3927.0,3914.0
2018-04-26 21:05:13.500,rb1805,3926.0,0.0,0.0,1.0,3927.0,407.0,3926.0,39.0,3927.0,3914.0
2018-04-26 21:05:14.000,rb1805,3926.0,0.0,0.0,1.0,3927.0,407.0,3926.0,39.0,3927.0,3914.0
2018-04-26 21:05:14.500,rb1805,3926.0,0.0,0.0,1.0,3927.0,409.0,3926.0,39.0,3927.0,3914.0
2018-04-26 21:05:15.000,rb1805,3926.0,20.0,785200.0,1.0,3927.0,409.0,3926.0,29.0,3927.0,3914.0
2018-04-26 21:05:15.500,rb1805,3926.0,0.0,0.0,1.0,3927.0,407.0,3926.0,29.0,3927.0,3914.0
2018-04-26 21:05:16.000,rb1805,3927.0,60.0,2356200.0,1.0,3927.0,377.0,3926.0,29.0,3927.0,3914.0
2018-04-26 21:05:16.500,rb1805,3926.0,46.0,1805960.0,1.0,3927.0,377.0,3926.0,6.0,3927.0,3914.0
2018-04-26 21:05:17.000,rb1805,3926.0,0.0,0.0,1.0,3927.0,377.0,3926.0,6.0,3927.0,3914.0
2018-04-26 21:05:17.500,rb1805,3926.0,2.0,78520.0,1.0,3927.0,377.0,3926.0,5.0,3927.0,3914.0
2018-04-26 21:05:18.000,rb1805,3926.0,10.0,392600.0,1.0,3927.0,377.0,3925.0,63.0,3927.0,3914.0
2018-04-26 21:05:18.500,rb1805,3926.0,0.0,0.0,1.0,3927.0,377.0,3925.0,63.0,3927.0,3914.0
2018-04-26 21:05:19.000,rb1805,3926.0,0.0,0.0,1.0,3927.0,374.0,3925.0,63.0,3927.0,3914.0
2018-04-26 21:05:19.500,rb1805,3926.0,0.0,0.0,1.0,3927.0,376.0,3925.0,63.0,3927.0,3914.0
2018-04-26 21:05:20.000,rb1805,3926.0,0.0,0.0,1.0,3927.0,375.0,3925.0,63.0,3927.0,3914.0
2018-04-26 21:05:20.500,rb1805,3926.0,0.0,0.0,1.0,3927.0,375.0,3925.0,63.0,3927.0,3914.0
2018-04-26 21:05:21.000,rb1805,3927.0,4.0,157080.0,1.0,3927.0,373.0,3925.0,64.0,3927.0,3914.0
2018-04-26 21:05:21.500,rb1805,3927.0,0.0,0.0,1.0,3927.0,375.0,3925.0,64.0,3927.0,3914.0
2018-04-26 21:05:22.000,rb1805,3927.0,0.0,0.0,1.0,3927.0,372.0,3925.0,64.0,3927.0,3914.0
2018-04-26 21:05:22.500,rb1805,3927.0,0.0,0.0,1.0,3927.0,373.0,3925.0,64.0,3927.0,3914.0
2018-04-26 21:05:23.000,rb1805,3925.0,20.0,785000.0,1.0,3927.0,373.0,3925.0,54.0,3927.0,3914.0
2018-04-26 21:05:23.500,rb1805,3925.0,108.0,4239000.0,1.0,3927.0,378.0,3926.0,10.0,3927.0,3914.0
2018-04-26 21:05:24.000,rb1805,3926.0,20.0,785200.0,1.0,3926.0,18.0,3925.0,30.0,3927.0,3914.0
2018-04-26 21:05:24.500,rb1805,3926.0,0.0,0.0,1.0,3926.0,29.0,3925.0,30.0,3927.0,3914.0
2018-04-26 21:05:25.000,rb1805,3926.0,10.0,392600.0,1.0,3926.0,26.0,3925.0,30.0,3927.0,3914.0
2018-04-26 21:05:25.500,rb1805,3925.0,60.0,2355000.0,1.0,3925.0,9.0,3924.0,104.0,3927.0,3914.0
2018-04-26 21:05:26.000,rb1805,3925.0,0.0,0.0,1.0,3925.0,17.0,3924.0,104.0,3927.0,3914.0
2018-04-26 21:05:26.500,rb1805,3925.0,0.0,0.0,1.0,3925.0,26.0,3924.0,104.0,3927.0,3914.0
2018-04-26 21:05:27.000,rb1805,3925.0,0.0,0.0,1.0,3925.0,26.0,3924.0,104.0,3927.0,3914.0
2018-04-26 21:05:27.500,rb1805,3925.0,0.0,0.0,1.0,3925.0,26.0,3924.0,104.0,3927.0,3914.0
2018-04-26 21:05:28.000,rb1805,3925.0,0.0,0.0,1.0,3925.0,26.0,3924.0,104.0,3927.0,3914.0
2018-04-26 21:05:28.500,rb1805,3925.0,0.0,0.0,1.0,3925.0,26.0,3924.0,104.0,3927.0,3914.0
2018-04-26 21:05:29.000,rb1805,3925.0,6.0,235500.0,1.0,3925.0,23.0,3924.0,104.0,3927.0,3914.0
2018-04-26 21:05:29.500,rb1805,3925.0,0.0,0.0,1.0,3925.0,23.0,3924.0,104.0,3927.0,3914.0
2018-04-26 21:05:30.000,rb1805,3924.0,40.0,1569600.0,1.0,3925.0,23.0,3924.0,84.0,3927.0,3914.0
2018-04-26 21:05:30.500,rb1805,3924.0,0.0,0.0,1.0,3925.0,23.0,3924.0,85.0,3927.0,3914.0
2018-04-26 21:05:31.000,rb1805,3924.0,0.0,0.0,1.0,3925.0,23.0,3924.0,85.0,3927.0,3914.0
2018-04-26 21:05:31.500,rb1805,3925.0,2.0,78500.0,1.0,3925.0,22.0,3924.0,85.0,3927.0,3914.0
2018-04-26 21:05:32.000,rb1805,3925.0,0.0,0.0,1.0,3925.0,22.0,3924.0,85.0,3927.0,3914.0
2018-04-26 21:05:32.500,rb1805,3925.0,6.0,235500.0,1.0,3925.0,19.0,3924.0,85.0,3927.0,3914.0
2018-04-26 21:05:33.000,rb1805,3925.0,0.0,0.0,1.0,3925.0,12.0,3924.0,90.0,3927.0,3914.0
2018-04-26 21:05:33.500,rb1805,3925.0,0.0,0.0,1.0,3925.0,12.0,3924.0,90.0,3927.0,3914.0
2018-04-26 21:05:34.000,rb1805,3925.0,0.0,0.0,1.0,3925.0,12.0,3924.0,90.0,3927.0,3914.0
2018-04-26 21:05:34.500,rb1805,3925.0,0.0,0.0,1.0,3925.0,12.0,3924.0,90.0,3927.0,3914.0
2018-04-26 21:05:35.000,rb1805,3925.0,0.0,0.0,1.0,3925.0,12.0,3924.0,90.0,3927.0,3914.0
2018-04-26 21:05:35.500,rb1805,3925.0,0.0,0.0,1.0,3925.0,12.0,3924.0,90.0,3927.0,3914.0
2018-04-26 21:05:36.000,rb1805,3925.0,0.0,0.0,1.0,3925.0,4.0,3924.0,90.0,3927.0,3914.0
2018-04-26 21:05:36.500,rb1805,3925.0,2.0,78500.0,1.0,3925.0,3.0,3924.0,90.0,3927.0,3914.0
2018-04-26 21:05:37.000,rb1805,3925.0,0.0,0.0,1.0,3925.0,3.0,3924.0,90.0,3927.0,3914.0
2018-04-26 21:05:37.500,rb1805,3925.0,0.0,0.0,1.0,3925.0,3.0,3924.0,90.0,3927.0,3914.0
2018-04-26 21:05:38.000,rb1805,3925.0,2.0,78500.0,1.0,3925.0,2.0,3924.0,96.0,3927.0,3914.0
2018-04-26 21:05:38.500,rb1805,3925.0,0.0,0.0,1.0,3925.0,2.0,3924.0,97.0,3927.0,3914.0
2018-04-26 21:05:39.000,rb1805,3925.0,0.0,0.0,1.0,3925.0,2.0,3924.0,97.0,3927.0,3914.0
2018-04-26 21:05:39.500,rb1805,3925.0,0.0,0.0,1.0,3925.0,2.0,3924.0,97.0,3927.0,3914.0
2018-04-26 21:05:40.000,rb1805,3925.0,0.0,0.0,1.0,3925.0,2.0,3924.0,97.0,3927.0,3914.0
2018-04-26 21:05:40.500,rb1805,3924.0,2.0,78480.0,1.0,3925.0,2.0,3924.0,96.0,3927.0,3914.0
2018-04-26 21:05:41.000,rb1805,3924.0,8.0,314000.0,1.0,3926.0,13.0,3924.0,95.0,3927.0,3914.0
2018-04-26 21:05:41.500,rb1805,3924.0,0.0,0.0,1.0,3926.0,13.0,3924.0,95.0,3927.0,3914.0
2018-04-26 21:05:42.000,rb1805,3924.0,0.0,0.0,1.0,3926.0,13.0,3924.0,95.0,3927.0,3914.0
2018-04-26 21:05:42.500,rb1805,3924.0,36.0,1412640.0,1.0,3926.0,15.0,3924.0,77.0,3927.0,3914.0
2018-04-26 21:05:43.000,rb1805,3924.0,0.0,0.0,1.0,3926.0,15.0,3924.0,76.0,3927.0,3914.0
2018-04-26 21:05:43.500,rb1805,3924.0,0.0,0.0,1.0,3926.0,13.0,3924.0,76.0,3927.0,3914.0
2018-04-26 21:05:44.000,rb1805,3926.0,26.0,1020760.0,1.0,3927.0,406.0,3926.0,98.0,3927.0,3914.0
2018-04-26 21:05:44.500,rb1805,3926.0,0.0,0.0,1.0,3927.0,406.0,3926.0,98.0,3927.0,3914.0
2018-04-26 21:05:45.000,rb1805,3926.0,0.0,0.0,1.0,3927.0,406.0,3926.0,98.0,3927.0,3914.0
2018-04-26 21:05:45.500,rb1805,3926.0,0.0,0.0,1.0,3927.0,406.0,3926.0,98.0,3927.0,3914.0
2018-04-26 21:05:46.000,rb1805,3926.0,0.0,0.0,1.0,3927.0,406.0,3926.0,98.0,3927.0,3914.0
2018-04-26 21:05:46.500,rb1805,3926.0,0.0,0.0,1.0,3927.0,406.0,3926.0,98.0,3927.0,3914.0
2018-04-26 21:05:47.000,rb1805,3926.0,0.0,0.0,1.0,3927.0,406.0,3926.0,98.0,3927.0,3914.0
2018-04-26 21:05:47.500,rb1805,3926.0,0.0,0.0,1.0,3927.0,406.0,3926.0,98.0,3927.0,3914.0
2018-04-26 21:05:48.000,rb1805,3926.0,0.0,0.0,1.0,3927.0,406.0,3926.0,98.0,3927.0,3914.0
2018-04-26 21:05:48.500,rb1805,3926.0,0.0,0.0,1.0,3927.0,406.0,3926.0,98.0,3927.0,3914.0
2018-04-26 21:05:49.000,rb1805,3926.0,40.0,1570400.0,1.0,3927.0,406.0,3926.0,78.0,3927.0,3914.0
2018-04-26 21:05:49.500,rb1805,3926.0,96.0,3768960.0,1.0,3927.0,406.0,3926.0,30.0,3927.0,3914.0
2018-04-26 21:05:50.000,rb1805,3927.0,282.0,11073440.0,1.0,3927.0,305.0,3925.0,3.0,3927.0,3914.0
2018-04-26 21:05:50.500,rb1805,3927.0,0.0,0.0,1.0,3926.0,44.0,3924.0,71.0,3927.0,3914.0
2018-04-26 21:05:51.000,rb1805,3927.0,0.0,0.0,1.0,3925.0,2.0,3924.0,71.0,3927.0,3914.0
2018-04-26 21:05:51.500,rb1805,3927.0,0.0,0.0,1.0,3925.0,17.0,3924.0,72.0,3927.0,3914.0
2018-04-26 21:05:52.000,rb1805,3924.0,10.0,392400.0,1.0,3925.0,15.0,3924.0,65.0,3927.0,3914.0
2018-04-26 21:05:52.500,rb1805,3924.0,0.0,0.0,1.0,3925.0,20.0,3924.0,65.0,3927.0,3914.0
2018-04-26 21:05:53.000,rb1805,3924.0,0.0,0.0,1.0,3925.0,20.0,3924.0,65.0,3927.0,3914.0
2018-04-26 21:05:53.500,rb1805,3924.0,0.0,0.0,1.0,3925.0,20.0,3924.0,67.0,3927.0,3914.0
2018-04-26 21:05:54.000,rb1805,3924.0,4.0,156960.0,1.0,3925.0,15.0,3924.0,66.0,3927.0,3914.0
2018-04-26 21:05:54.500,rb1805,3924.0,0.0,0.0,1.0,3925.0,15.0,3924.0,67.0,3927.0,3914.0
2018-04-26 21:05:55.000,rb1805,3924.0,0.0,0.0,1.0,3925.0,15.0,3924.0,67.0,3927.0,3914.0
2018-04-26 21:05:55.500,rb1805,3924.0,0.0,0.0,1.0,3925.0,15.0,3924.0,67.0,3927.0,3914.0
2018-04-26 21:05:56.000,rb1805,3924.0,0.0,0.0,1.0,3925.0,15.0,3924.0,67.0,3927.0,3914.0
2018-04-26 21:05:56.500,rb1805,3924.0,6.0,235440.0,1.0,3925.0,15.0,3924.0,64.0,3927.0,3914.0
2018-04-26 21:05:57.000,rb1805,3925.0,2.0,78500.0,1.0,3925.0,14.0,3924.0,64.0,3927.0,3914.0
2018-04-26 21:05:57.500,rb1805,3925.0,4.0,157000.0,1.0,3925.0,13.0,3924.0,66.0,3927.0,3914.0
2018-04-26 21:05:58.000,rb1805,3925.0,0.0,0.0,1.0,3925.0,13.0,3924.0,65.0,3927.0,3914.0
2018-04-26 21:05:58.500,rb1805,3925.0,0.0,0.0,1.0,3925.0,13.0,3924.0,65.0,3927.0,3914.0
2018-04-26 21:05:59.000,rb1805,3925.0,0.0,0.0,1.0,3925.0,13.0,3924.0,65.0,3927.0,3914.0
2018-04-26 21:05:59.500,rb1805,3925.0,0.0,0.0,1.0,3925.0,13.0,3924.0,66.0,3927.0,3914.0
2018-04-26 21:06:00.000,rb1805,3925.0,0.0,0.0,1.0,3925.0,13.0,3924.0,66.0,3927.0,3914.0
2018-04-26 21:06:00.500,rb1805,3925.0,0.0,0.0,1.0,3925.0,13.0,3924.0,66.0,3927.0,3914.0
2018-04-26 21:06:01.000,rb1805,3925.0,0.0,0.0,1.0,3925.0,13.0,3924.0,66.0,3927.0,3914.0
2018-04-26 21:06:01.500,rb1805,3925.0,0.0,0.0,1.0,3925.0,13.0,3924.0,66.0,3927.0,3914.0
2018-04-26 21:06:02.000,rb1805,3925.0,0.0,0.0,1.0,3925.0,13.0,3924.0,66.0,3927.0,3914.0
2018-04-26 21:06:02.500,rb1805,3925.0,0.0,0.0,1.0,3925.0,13.0,3924.0,66.0,3927.0,3914.0
2018-04-26 21:06:03.000,rb1805,3925.0,0.0,0.0,1.0,3925.0,13.0,3924.0,66.0,3927.0,3914.0
2018-04-26 21:06:03.500,rb1805,3925.0,0.0,0.0,1.0,3925.0,13.0,3924.0,66.0,3927.0,3914.0
2018-04-26 21:06:04.000,rb1805,3925.0,0.0,0.0,1.0,3925.0,13.0,3924.0,68.0,3927.0,3914.0
2018-04-26 21:06:04.500,rb1805,3925.0,0.0,0.0,1.0,3925.0,13.0,3924.0,68.0,3927.0,3914.0
2018-04-26 21:06:05.000,rb1805,3925.0,0.0,0.0,1.0,3925.0,13.0,3924.0,68.0,3927.0,3914.0
2018-04-26 21:06:05.500,rb1805,3925.0,0.0,0.0,1.0,3925.0,13.0,3924.0,68.0,3927.0,3914.0
2018-04-26 21:06:06.000,rb1805,3925.0,0.0,0.0,1.0,3925.0,13.0,3924.0,68.0,3927.0,3914.0
2018-04-26 21:06:06.500,rb1805,3925.0,2.0,78500.0,1.0,3925.0,12.0,3924.0,68.0,3927.0,3914.0
2018-04-26 21:06:07.000,rb1805,3925.0,0.0,0.0,1.0,3925.0,12.0,3924.0,68.0,3927.0,3914.0
2018-04-26 21:06:07.500,rb1805,3925.0,0.0,0.0,1.0,3925.0,12.0,3924.0,68.0,3927.0,3914.0
2018-04-26 21:06:08.000,rb1805,3925.0,2.0,78500.0,1.0,3925.0,11.0,3924.0,68.0,3927.0,3914.0
2018-04-26 21:06:08.500,rb1805,3925.0,0.0,0.0,1.0,3925.0,11.0,3924.0,68.0,3927.0,3914.0
2018-04-26 21:06:09.000,rb1805,3925.0,0.0,0.0,1.0,3925.0,17.0,3924.0,68.0,3927.0,3914.0
2018-04-26 21:06:09.500,rb1805,3925.0,0.0,0.0,1.0,3925.0,17.0,3924.0,68.0,3927.0,3914.0
2018-04-26 21:06:10.000,rb1805,3925.0,0.0,0.0,1.0,3925.0,17.0,3924.0,68.0,3927.0,3914.0
2018-04-26 21:06:10.500,rb1805,3925.0,0.0,0.0,1.0,3925.0,17.0,3924.0,68.0,3927.0,3914.0
2018-04-26 21:06:11.000,rb1805,3925.0,0.0,0.0,1.0,3925.0,17.0,3924.0,67.0,3927.0,3914.0
2018-04-26 21:06:11.500,rb1805,3925.0,0.0,0.0,1.0,3925.0,17.0,3924.0,67.0,3927.0,3914.0
2018-04-26 21:06:12.000,rb1805,3925.0,0.0,0.0,1.0,3925.0,17.0,3924.0,67.0,3927.0,3914.0
2018-04-26 21:06:12.500,rb1805,3925.0,0.0,0.0,1.0,3925.0,17.0,3924.0,67.0,3927.0,3914.0
2018-04-26 21:06:13.000,rb1805,3925.0,2.0,78500.0,1.0,3925.0,16.0,3924.0,67.0,3927.0,3914.0
2018-04-26 21:06:13.500,rb1805,3925.0,0.0,0.0,1.0,3925.0,16.0,3924.0,66.0,3927.0,3914.0
2018-04-26 21:06:14.000,rb1805,3925.0,0.0,0.0,1.0,3925.0,16.0,3924.0,66.0,3927.0,3914.0
2018-04-26 21:06:14.500,rb1805,3925.0,0.0,0.0,1.0,3925.0,16.0,3924.0,66.0,3927.0,3914.0
2018-04-26 21:06:15.000,rb1805,3924.0,2.0,78480.0,1.0,3925.0,16.0,3924.0,65.0,3927.0,3914.0
2018-04-26 21:06:15.500,rb1805,3924.0,0.0,0.0,1.0,3925.0,16.0,3924.0,66.0,3927.0,3914.0
2018-04-26 21:06:16.000,rb1805,3924.0,0.0,0.0,1.0,3925.0,16.0,3924.0,67.0,3927.0,3914.0
2018-04-26 21:06:16.500,rb1805,3924.0,0.0,0.0,1.0,3925.0,16.0,3924.0,65.0,3927.0,3914.0
2018-04-26 21:06:17.000,rb1805,3925.0,24.0,941800.0,1.0,3925.0,14.0,3924.0,54.0,3927.0,3914.0
2018-04-26 21:06:17.500,rb1805,3925.0,0.0,0.0,1.0,3925.0,14.0,3924.0,54.0,3927.0,3914.0
2018-04-26 21:06:18.000,rb1805,3925.0,0.0,0.0,1.0,3925.0,14.0,3924.0,54.0,3927.0,3914.0
2018-04-26 21:06:18.500,rb1805,3924.0,6.0,235440.0,1.0,3925.0,14.0,3924.0,51.0,3927.0,3914.0
2018-04-26 21:06:19.000,rb1805,3924.0,0.0,0.0,1.0,3925.0,14.0,3924.0,51.0,3927.0,3914.0
2018-04-26 21:06:19.500,rb1805,3925.0,2.0,78500.0,1.0,3925.0,15.0,3924.0,51.0,3927.0,3914.0
2018-04-26 21:06:20.000,rb1805,3925.0,0.0,0.0,1.0,3925.0,15.0,3924.0,51.0,3927.0,3914.0
2018-04-26 21:06:20.500,rb1805,3925.0,0.0,0.0,1.0,3925.0,13.0,3924.0,51.0,3927.0,3914.0
2018-04-26 21:06:21.000,rb1805,3925.0,0.0,0.0,1.0,3925.0,13.0,3924.0,51.0,3927.0,3914.0
2018-04-26 21:06:21.500,rb1805,3925.0,0.0,0.0,1.0,3925.0,13.0,3924.0,51.0,3927.0,3914.0
2018-04-26 21:06:22.000,rb1805,3925.0,0.0,0.0,1.0,3925.0,13.0,3924.0,51.0,3927.0,3914.0
2018-04-26 21:06:22.500,rb1805,3924.0,2.0,78480.0,1.0,3925.0,13.0,3924.0,50.0,3927.0,3914.0
2018-04-26 21:06:23.000,rb1805,3924.0,0.0,0.0,1.0,3925.0,13.0,3924.0,50.0,3927.0,3914.0
2018-04-26 21:06:23.500,rb1805,3924.0,0.0,0.0,1.0,3925.0,13.0,3924.0,50.0,3927.0,3914.0
2018-04-26 21:06:24.000,rb1805,3925.0,20.0,785000.0,1.0,3925.0,3.0,3924.0,50.0,3927.0,3914.0
2018-04-26 21:06:24.500,rb1805,3925.0,0.0,0.0,1.0,3925.0,3.0,3924.0,53.0,3927.0,3914.0
2018-04-26 21:06:25.000,rb1805,3925.0,6.0,235500.0,1.0,3926.0,48.0,3925.0,7.0,3927.0,3914.0
2018-04-26 21:06:25.500,rb1805,3925.0,14.0,549500.0,1.0,3925.0,1.0,3924.0,53.0,3927.0,3914.0
2018-04-26 21:06:26.000,rb1805,3925.0,2.0,78500.0,1.0,3926.0,43.0,3924.0,53.0,3927.0,3914.0
2018-04-26 21:06:26.500,rb1805,3924.0,22.0,863280.0,1.0,3926.0,45.0,3924.0,50.0,3927.0,3914.0
2018-04-26 21:06:27.000,rb1805,3924.0,6.0,235440.0,1.0,3926.0,45.0,3924.0,47.0,3927.0,3914.0
2018-04-26 21:06:27.500,rb1805,3924.0,0.0,0.0,1.0,3926.0,43.0,3924.0,47.0,3927.0,3914.0
2018-04-26 21:06:28.000,rb1805,3924.0,0.0,0.0,1.0,3925.0,3.0,3924.0,47.0,3927.0,3914.0
2018-04-26 21:06:28.500,rb1805,3924.0,0.0,0.0,1.0,3925.0,3.0,3924.0,49.0,3927.0,3914.0
2018-04-26 21:06:29.000,rb1805,3924.0,0.0,0.0,1.0,3925.0,5.0,3924.0,49.0,3927.0,3914.0
2018-04-26 21:06:29.500,rb1805,3924.0,0.0,0.0,1.0,3925.0,5.0,3924.0,49.0,3927.0,3914.0
2018-04-26 21:06:30.000,rb1805,3924.0,0.0,0.0,1.0,3925.0,5.0,3924.0,49.0,3927.0,3914.0
2018-04-26 21:06:30.500,rb1805,3925.0,10.0,392500.0,1.0,3926.0,43.0,3925.0,5.0,3927.0,3914.0
2018-04-26 21:06:31.000,rb1805,3925.0,10.0,392500.0,1.0,3926.0,43.0,3924.0,49.0,3927.0,3914.0
2018-04-26 21:06:31.500,rb1805,3925.0,0.0,0.0,1.0,3926.0,43.0,3924.0,46.0,3927.0,3914.0
2018-04-26 21:06:32.000,rb1805,3926.0,88.0,3454880.0,1.0,3927.0,311.0,3926.0,6.0,3927.0,3914.0
2018-04-26 21:06:32.500,rb1805,3926.0,12.0,471120.0,1.0,3927.0,306.0,3924.0,46.0,3927.0,3914.0
2018-04-26 21:06:33.000,rb1805,3926.0,0.0,0.0,1.0,3927.0,311.0,3925.0,1.0,3927.0,3914.0
2018-04-26 21:06:33.500,rb1805,3926.0,0.0,0.0,1.0,3927.0,310.0,3925.0,3.0,3927.0,3914.0
2018-04-26 21:06:34.000,rb1805,3926.0,0.0,0.0,1.0,3927.0,305.0,3925.0,14.0,3927.0,3914.0
2018-04-26 21:06:34.500,rb1805,3925.0,20.0,785000.0,1.0,3927.0,305.0,3925.0,4.0,3927.0,3914.0
2018-04-26 21:06:35.000,rb1805,3925.0,0.0,0.0,1.0,3927.0,305.0,3925.0,4.0,3927.0,3914.0
2018-04-26 21:06:35.500,rb1805,3925.0,0.0,0.0,1.0,3926.0,1.0,3925.0,4.0,3927.0,3914.0
2018-04-26 21:06:36.000,rb1805,3925.0,0.0,0.0,1.0,3926.0,1.0,3925.0,8.0,3927.0,3914.0
2018-04-26 21:06:36.500,rb1805,3925.0,0.0,0.0,1.0,3926.0,1.0,3925.0,8.0,3927.0,3914.0
2018-04-26 21:06:37.000,rb1805,3925.0,0.0,0.0,1.0,3926.0,1.0,3925.0,8.0,3927.0,3914.0
2018-04-26 21:06:37.500,rb1805,3925.0,16.0,628000.0,1.0,3925.0,2.0,3924.0,46.0,3927.0,3914.0
2018-04-26 21:06:38.000,rb1805,3925.0,0.0,0.0,1.0,3925.0,2.0,3924.0,49.0,3927.0,3914.0
2018-04-26 21:06:38.500,rb1805,3925.0,0.0,0.0,1.0,3925.0,2.0,3924.0,49.0,3927.0,3914.0
2018-04-26 21:06:39.000,rb1805,3925.0,0.0,0.0,1.0,3925.0,3.0,3924.0,49.0,3927.0,3914.0
2018-04-26 21:06:39.500,rb1805,3925.0,0.0,0.0,1.0,3925.0,3.0,3924.0,49.0,3927.0,3914.0
2018-04-26 21:06:40.000,rb1805,3925.0,0.0,0.0,1.0,3925.0,3.0,3924.0,49.0,3927.0,3914.0
2018-04-26 21:06:40.500,rb1805,3925.0,2.0,78500.0,1.0,3925.0,2.0,3924.0,49.0,3927.0,3914.0
2018-04-26 21:06:41.000,rb1805,3925.0,0.0,0.0,1.0,3925.0,2.0,3924.0,49.0,3927.0,3914.0
2018-04-26 21:06:41.500,rb1805,3925.0,0.0,0.0,1.0,3925.0,2.0,3924.0,49.0,3927.0,3914.0
2018-04-26 21:06:42.000,rb1805,3925.0,0.0,0.0,1.0,3925.0,2.0,3924.0,49.0,3927.0,3914.0
2018-04-26 21:06:42.500,rb1805,3925.0,4.0,157000.0,1.0,3926.0,3.0,3924.0,49.0,3927.0,3914.0
2018-04-26 21:06:43.000,rb1805,3925.0,0.0,0.0,1.0,3926.0,3.0,3924.0,49.0,3927.0,3914.0
2018-04-26 21:06:43.500,rb1805,3925.0,0.0,0.0,1.0,3926.0,3.0,3924.0,49.0,3927.0,3914.0
2018-04-26 21:06:44.000,rb1805,3924.0,2.0,78480.0,1.0,3926.0,3.0,3924.0,48.0,3927.0,3914.0
2018-04-26 21:06:44.500,rb1805,3924.0,0.0,0.0,1.0,3926.0,3.0,3924.0,48.0,3927.0,3914.0
2018-04-26 21:06:45.000,rb1805,3924.0,0.0,0.0,1.0,3926.0,9.0,3924.0,48.0,3927.0,3914.0
2018-04-26 21:06:45.500,rb1805,3924.0,0.0,0.0,1.0,3925.0,2.0,3924.0,45.0,3927.0,3914.0
2018-04-26 21:06:46.000,rb1805,3924.0,0.0,0.0,1.0,3925.0,2.0,3924.0,53.0,3927.0,3914.0
2018-04-26 21:06:46.500,rb1805,3924.0,0.0,0.0,1.0,3925.0,2.0,3924.0,53.0,3927.0,3914.0
2018-04-26 21:06:47.000,rb1805,3924.0,0.0,0.0,1.0,3925.0,2.0,3924.0,53.0,3927.0,3914.0
2018-04-26 21:06:47.500,rb1805,3924.0,0.0,0.0,1.0,3925.0,2.0,3924.0,54.0,3927.0,3914.0
2018-04-26 21:06:48.000,rb1805,3924.0,0.0,0.0,1.0,3925.0,2.0,3924.0,54.0,3927.0,3914.0
2018-04-26 21:06:48.500,rb1805,3925.0,4.0,157000.0,1.0,3926.0,10.0,3925.0,8.0,3927.0,3914.0
2018-04-26 21:06:49.000,rb1805,3925.0,18.0,706500.0,1.0,3925.0,11.0,3924.0,54.0,3927.0,3914.0
2018-04-26 21:06:49.500,rb1805,3925.0,0.0,0.0,1.0,3925.0,11.0,3924.0,54.0,3927.0,3914.0
2018-04-26 21:06:50.000,rb1805,3925.0,0.0,0.0,1.0,3925.0,11.0,3924.0,54.0,3927.0,3914.0
2018-04-26 21:06:50.500,rb1805,3925.0,0.0,0.0,1.0,3925.0,11.0,3924.0,54.0,3927.0,3914.0
2018-04-26 21:06:51.000,rb1805,3925.0,0.0,0.0,1.0,3925.0,11.0,3924.0,54.0,3927.0,3914.0
2018-04-26 21:06:51.500,rb1805,3925.0,0.0,0.0,1.0,3925.0,11.0,3924.0,54.0,3927.0,3914.0
2018-04-26 21:06:52.000,rb1805,3925.0,0.0,0.0,1.0,3925.0,11.0,3924.0,54.0,3927.0,3914.0
2018-04-26 21:06:52.500,rb1805,3925.0,20.0,785000.0,1.0,3925.0,1.0,3924.0,54.0,3927.0,3914.0
2018-04-26 21:06:53.000,rb1805,3925.0,2.0,78500.0,1.0,3926.0,7.0,3924.0,54.0,3927.0,3914.0
2018-04-26 21:06:53.500,rb1805,3925.0,0.0,0.0,1.0,3926.0,7.0,3924.0,58.0,3927.0,3914.0
2018-04-26 21:06:54.000,rb1805,3925.0,0.0,0.0,1.0,3926.0,6.0,3924.0,58.0,3927.0,3914.0
2018-04-26 21:06:54.500,rb1805,3925.0,0.0,0.0,1.0,3926.0,4.0,3924.0,58.0,3927.0,3914.0
2018-04-26 21:06:55.000,rb1805,3925.0,0.0,0.0,1.0,3926.0,4.0,3924.0,58.0,3927.0,3914.0
2018-04-26 21:06:55.500,rb1805,3925.0,0.0,0.0,1.0,3926.0,4.0,3924.0,58.0,3927.0,3914.0
2018-04-26 21:06:56.000,rb1805,3925.0,0.0,0.0,1.0,3925.0,10.0,3924.0,58.0,3927.0,3914.0
2018-04-26 21:06:56.500,rb1805,3925.0,6.0,235500.0,1.0,3925.0,7.0,3924.0,58.0,3927.0,3914.0
2018-04-26 21:06:57.000,rb1805,3925.0,0.0,0.0,1.0,3925.0,7.0,3924.0,58.0,3927.0,3914.0
2018-04-26 21:06:57.500,rb1805,3925.0,0.0,0.0,1.0,3925.0,7.0,3924.0,58.0,3927.0,3914.0
2018-04-26 21:06:58.000,rb1805,3925.0,0.0,0.0,1.0,3925.0,7.0,3924.0,58.0,3927.0,3914.0
2018-04-26 21:06:58.500,rb1805,3925.0,0.0,0.0,1.0,3925.0,7.0,3924.0,58.0,3927.0,3914.0
2018-04-26 21:06:59.000,rb1805,3925.0,0.0,0.0,1.0,3925.0,7.0,3924.0,58.0,3927.0,3914.0
2018-04-26 21:06:59.500,rb1805,3925.0,0.0,0.0,1.0,3925.0,7.0,3924.0,58.0,3927.0,3914.0
2018-04-26 21:07:00.000,rb1805,3925.0,0.0,0.0,1.0,3925.0,9.0,3924.0,56.0,3927.0,3914.0
2018-04-26 21:07:00.500,rb1805,3925.0,0.0,0.0,1.0,3925.0,10.0,3924.0,55.0,3927.0,3914.0
2018-04-26 21:07:01.000,rb1805,3925.0,0.0,0.0,1.0,3925.0,10.0,3924.0,55.0,3927.0,3914.0
2018-04-26 21:07:01.500,rb1805,3925.0,0.0,0.0,1.0,3925.0,7.0,3924.0,56.0,3927.0,3914.0
2018-04-26 21:07:02.000,rb1805,3925.0,0.0,0.0,1.0,3925.0,7.0,3924.0,58.0,3927.0,3914.0
2018-04-26 21:07:02.500,rb1805,3925.0,0.0,0.0,1.0,3925.0,17.0,3924.0,58.0,3927.0,3914.0
2018-04-26 21:07:03.000,rb1805,3925.0,0.0,0.0,1.0,3925.0,17.0,3924.0,58.0,3927.0,3914.0
2018-04-26 21:07:03.500,rb1805,3925.0,0.0,0.0,1.0,3925.0,17.0,3924.0,58.0,3927.0,3914.0
2018-04-26 21:07:04.000,rb1805,3925.0,2.0,78500.0,1.0,3925.0,16.0,3924.0,58.0,3927.0,3914.0
2018-04-26 21:07:04.500,rb1805,3925.0,32.0,1256000.0,1.0,3926.0,9.0,3925.0,3.0,3927.0,3914.0
2018-04-26 21:07:05.000,rb1805,3925.0,0.0,0.0,1.0,3926.0,8.0,3925.0,16.0,3927.0,3914.0
2018-04-26 21:07:05.500,rb1805,3925.0,0.0,0.0,1.0,3926.0,8.0,3925.0,15.0,3927.0,3914.0
2018-04-26 21:07:06.000,rb1805,3925.0,0.0,0.0,1.0,3926.0,6.0,3925.0,15.0,3927.0,3914.0
2018-04-26 21:07:06.500,rb1805,3925.0,0.0,0.0,1.0,3926.0,6.0,3925.0,15.0,3927.0,3914.0
2018-04-26 21:07:07.000,rb1805,3925.0,0.0,0.0,1.0,3926.0,6.0,3925.0,15.0,3927.0,3914.0
2018-04-26 21:07:07.500,rb1805,3925.0,0.0,0.0,1.0,3926.0,6.0,3925.0,15.0,3927.0,3914.0
2018-04-26 21:07:08.000,rb1805,3925.0,0.0,0.0,1.0,3926.0,6.0,3925.0,15.0,3927.0,3914.0
2018-04-26 21:07:08.500,rb1805,3925.0,0.0,0.0,1.0,3926.0,6.0,3925.0,15.0,3927.0,3914.0
2018-04-26 21:07:09.000,rb1805,3925.0,2.0,78500.0,1.0,3926.0,6.0,3925.0,14.0,3927.0,3914.0
2018-04-26 21:07:09.500,rb1805,3925.0,0.0,0.0,1.0,3926.0,7.0,3925.0,14.0,3927.0,3914.0
2018-04-26 21:07:10.000,rb1805,3925.0,0.0,0.0,1.0,3926.0,7.0,3925.0,14.0,3927.0,3914.0
2018-04-26 21:07:10.500,rb1805,3925.0,0.0,0.0,1.0,3926.0,7.0,3925.0,16.0,3927.0,3914.0
2018-04-26 21:07:11.000,rb1805,3925.0,0.0,0.0,1.0,3926.0,10.0,3925.0,14.0,3927.0,3914.0
2018-04-26 21:07:11.500,rb1805,3925.0,0.0,0.0,1.0,3926.0,10.0,3925.0,14.0,3927.0,3914.0
2018-04-26 21:07:12.000,rb1805,3925.0,0.0,0.0,1.0,3926.0,10.0,3925.0,16.0,3927.0,3914.0
2018-04-26 21:07:12.500,rb1805,3925.0,20.0,785000.0,1.0,3926.0,13.0,3924.0,58.0,3927.0,3914.0
2018-04-26 21:07:13.000,rb1805,3925.0,0.0,0.0,1.0,3926.0,13.0,3924.0,63.0,3927.0,3914.0
2018-04-26 21:07:13.500,rb1805,3925.0,0.0,0.0,1.0,3926.0,13.0,3924.0,63.0,3927.0,3914.0
2018-04-26 21:07:14.000,rb1805,3925.0,0.0,0.0,1.0,3926.0,13.0,3924.0,63.0,3927.0,3914.0
2018-04-26 21:07:14.500,rb1805,3925.0,0.0,0.0,1.0,3926.0,13.0,3924.0,63.0,3927.0,3914.0
2018-04-26 21:07:15.000,rb1805,3925.0,0.0,0.0,1.0,3926.0,13.0,3925.0,2.0,3927.0,3914.0
2018-04-26 21:07:15.500,rb1805,3925.0,0.0,0.0,1.0,3926.0,16.0,3925.0,2.0,3927.0,3914.0
2018-04-26 21:07:16.000,rb1805,3925.0,0.0,0.0,1.0,3926.0,16.0,3925.0,4.0,3927.0,3914.0
2018-04-26 21:07:16.500,rb1805,3925.0,0.0,0.0,1.0,3926.0,20.0,3925.0,4.0,3927.0,3914.0
2018-04-26 21:07:17.000,rb1805,3925.0,2.0,78500.0,1.0,3926.0,20.0,3925.0,3.0,3927.0,3914.0
2018-04-26 21:07:17.500,rb1805,3926.0,4.0,157020.0,1.0,3926.0,19.0,3925.0,13.0,3927.0,3914.0
2018-04-26 21:07:18.000,rb1805,3926.0,0.0,0.0,1.0,3926.0,16.0,3925.0,16.0,3927.0,3914.0
2018-04-26 21:07:18.500,rb1805,3926.0,0.0,0.0,1.0,3926.0,16.0,3925.0,16.0,3927.0,3914.0
2018-04-26 21:07:19.000,rb1805,3926.0,0.0,0.0,1.0,3926.0,16.0,3925.0,16.0,3927.0,3914.0
2018-04-26 21:07:19.500,rb1805,3926.0,0.0,0.0,1.0,3926.0,16.0,3925.0,16.0,3927.0,3914.0
2018-04-26 21:07:20.000,rb1805,3926.0,0.0,0.0,1.0,3926.0,16.0,3925.0,18.0,3927.0,3914.0
2018-04-26 21:07:20.500,rb1805,3926.0,0.0,0.0,1.0,3926.0,16.0,3925.0,18.0,3927.0,3914.0
2018-04-26 21:07:21.000,rb1805,3926.0,0.0,0.0,1.0,3926.0,16.0,3925.0,16.0,3927.0,3914.0
2018-04-26 21:07:21.500,rb1805,3926.0,0.0,0.0,1.0,3926.0,16.0,3925.0,16.0,3927.0,3914.0
2018-04-26 21:07:22.000,rb1805,3926.0,0.0,0.0,1.0,3926.0,16.0,3925.0,16.0,3927.0,3914.0
2018-04-26 21:07:22.500,rb1805,3926.0,0.0,0.0,1.0,3926.0,16.0,3925.0,16.0,3927.0,3914.0
2018-04-26 21:07:23.000,rb1805,3926.0,0.0,0.0,1.0,3926.0,19.0,3925.0,16.0,3927.0,3914.0
2018-04-26 21:07:23.500,rb1805,3926.0,0.0,0.0,1.0,3926.0,19.0,3925.0,16.0,3927.0,3914.0
2018-04-26 21:07:24.000,rb1805,3926.0,0.0,0.0,1.0,3926.0,19.0,3925.0,14.0,3927.0,3914.0
2018-04-26 21:07:24.500,rb1805,3926.0,2.0,78520.0,1.0,3926.0,18.0,3925.0,11.0,3927.0,3914.0
2018-04-26 21:07:25.000,rb1805,3926.0,0.0,0.0,1.0,3926.0,18.0,3925.0,13.0,3927.0,3914.0
2018-04-26 21:07:25.500,rb1805,3926.0,0.0,0.0,1.0,3926.0,19.0,3925.0,15.0,3927.0,3914.0
2018-04-26 21:07:26.000,rb1805,3926.0,0.0,0.0,1.0,3926.0,19.0,3925.0,13.0,3927.0,3914.0
2018-04-26 21:07:26.500,rb1805,3926.0,0.0,0.0,1.0,3926.0,19.0,3925.0,13.0,3927.0,3914.0
2018-04-26 21:07:27.000,rb1805,3926.0,0.0,0.0,1.0,3926.0,19.0,3925.0,15.0,3927.0,3914.0
2018-04-26 21:07:27.500,rb1805,3926.0,0.0,0.0,1.0,3926.0,19.0,3925.0,15.0,3927.0,3914.0
2018-04-26 21:07:28.000,rb1805,3926.0,2.0,78520.0,1.0,3926.0,18.0,3925.0,15.0,3927.0,3914.0
2018-04-26 21:07:28.500,rb1805,3925.0,30.0,1177500.0,1.0,3925.0,3.0,3924.0,56.0,3927.0,3914.0
2018-04-26 21:07:29.000,rb1805,3925.0,6.0,235500.0,1.0,3926.0,20.0,3924.0,61.0,3927.0,3914.0
2018-04-26 21:07:29.500,rb1805,3925.0,0.0,0.0,1.0,3926.0,18.0,3924.0,61.0,3927.0,3914.0
2018-04-26 21:07:30.000,rb1805,3925.0,0.0,0.0,1.0,3926.0,18.0,3924.0,61.0,3927.0,3914.0
2018-04-26 21:07:30.500,rb1805,3925.0,0.0,0.0,1.0,3926.0,18.0,3924.0,61.0,3927.0,3914.0
2018-04-26 21:07:31.000,rb1805,3925.0,0.0,0.0,1.0,3926.0,20.0,3924.0,61.0,3927.0,3914.0
2018-04-26 21:07:31.500,rb1805,3925.0,0.0,0.0,1.0,3926.0,18.0,3924.0,61.0,3927.0,3914.0
2018-04-26 21:07:32.000,rb1805,3925.0,20.0,785000.0,1.0,3926.0,18.0,3924.0,61.0,3927.0,3914.0
2018-04-26 21:07:32.500,rb1805,3925.0,0.0,0.0,1.0,3926.0,18.0,3925.0,2.0,3927.0,3914.0
2018-04-26 21:07:33.000,rb1805,3925.0,4.0,157000.0,1.0,3926.0,20.0,3924.0,56.0,3927.0,3914.0
2018-04-26 21:07:33.500,rb1805,3925.0,0.0,0.0,1.0,3926.0,23.0,3924.0,61.0,3927.0,3914.0
2018-04-26 21:07:34.000,rb1805,3925.0,0.0,0.0,1.0,3926.0,23.0,3924.0,61.0,3927.0,3914.0
2018-04-26 21:07:34.500,rb1805,3925.0,0.0,0.0,1.0,3926.0,25.0,3924.0,61.0,3927.0,3914.0
2018-04-26 21:07:35.000,rb1805,3925.0,0.0,0.0,1.0,3926.0,25.0,3924.0,61.0,3927.0,3914.0
2018-04-26 21:07:35.500,rb1805,3925.0,0.0,0.0,1.0,3926.0,25.0,3924.0,61.0,3927.0,3914.0
2018-04-26 21:07:36.000,rb1805,3925.0,0.0,0.0,1.0,3926.0,25.0,3924.0,61.0,3927.0,3914.0
2018-04-26 21:07:36.500,rb1805,3925.0,0.0,0.0,1.0,3926.0,25.0,3924.0,61.0,3927.0,3914.0
2018-04-26 21:07:37.000,rb1805,3925.0,0.0,0.0,1.0,3926.0,23.0,3924.0,61.0,3927.0,3914.0
2018-04-26 21:07:37.500,rb1805,3925.0,0.0,0.0,1.0,3926.0,23.0,3924.0,61.0,3927.0,3914.0
2018-04-26 21:07:38.000,rb1805,3925.0,0.0,0.0,1.0,3926.0,23.0,3924.0,61.0,3927.0,3914.0
2018-04-26 21:07:38.500,rb1805,3925.0,0.0,0.0,1.0,3926.0,23.0,3925.0,10.0,3927.0,3914.0
2018-04-26 21:07:39.000,rb1805,3925.0,10.0,392500.0,1.0,3926.0,20.0,3925.0,5.0,3927.0,3914.0
2018-04-26 21:07:39.500,rb1805,3925.0,0.0,0.0,1.0,3926.0,20.0,3925.0,5.0,3927.0,3914.0
2018-04-26 21:07:40.000,rb1805,3925.0,0.0,0.0,1.0,3926.0,20.0,3925.0,5.0,3927.0,3914.0
2018-04-26 21:07:40.500,rb1805,3925.0,0.0,0.0,1.0,3926.0,20.0,3925.0,5.0,3927.0,3914.0
2018-04-26 21:07:41.000,rb1805,3925.0,0.0,0.0,1.0,3926.0,18.0,3925.0,5.0,3927.0,3914.0
2018-04-26 21:07:41.500,rb1805,3925.0,0.0,0.0,1.0,3926.0,15.0,3925.0,10.0,3927.0,3914.0
2018-04-26 21:07:42.000,rb1805,3925.0,0.0,0.0,1.0,3926.0,15.0,3925.0,10.0,3927.0,3914.0
2018-04-26 21:07:42.500,rb1805,3925.0,0.0,0.0,1.0,3926.0,17.0,3925.0,12.0,3927.0,3914.0
2018-04-26 21:07:43.000,rb1805,3925.0,0.0,0.0,1.0,3926.0,17.0,3925.0,5.0,3927.0,3914.0
2018-04-26 21:07:43.500,rb1805,3926.0,2.0,78520.0,1.0,3926.0,17.0,3925.0,5.0,3927.0,3914.0
2018-04-26 21:07:44.000,rb1805,3926.0,0.0,0.0,1.0,3926.0,17.0,3925.0,5.0,3927.0,3914.0
2018-04-26 21:07:44.500,rb1805,3926.0,0.0,0.0,1.0,3926.0,17.0,3925.0,6.0,3927.0,3914.0
2018-04-26 21:07:45.000,rb1805,3926.0,0.0,0.0,1.0,3926.0,16.0,3925.0,11.0,3927.0,3914.0
2018-04-26 21:07:45.500,rb1805,3925.0,2.0,78500.0,1.0,3926.0,14.0,3925.0,10.0,3927.0,3914.0
2018-04-26 21:07:46.000,rb1805,3925.0,0.0,0.0,1.0,3926.0,14.0,3925.0,10.0,3927.0,3914.0
2018-04-26 21:07:46.500,rb1805,3925.0,0.0,0.0,1.0,3926.0,14.0,3925.0,10.0,3927.0,3914.0
2018-04-26 21:07:47.000,rb1805,3925.0,0.0,0.0,1.0,3926.0,14.0,3925.0,10.0,3927.0,3914.0
2018-04-26 21:07:47.500,rb1805,3925.0,0.0,0.0,1.0,3926.0,14.0,3925.0,13.0,3927.0,3914.0
2018-04-26 21:07:48.000,rb1805,3925.0,0.0,0.0,1.0,3926.0,14.0,3925.0,13.0,3927.0,3914.0
2018-04-26 21:07:48.500,rb1805,3925.0,2.0,78500.0,1.0,3926.0,14.0,3925.0,12.0,3927.0,3914.0
2018-04-26 21:07:49.000,rb1805,3925.0,0.0,0.0,1.0,3926.0,17.0,3925.0,12.0,3927.0,3914.0
2018-04-26 21:07:49.500,rb1805,3926.0,2.0,78520.0,1.0,3926.0,18.0,3925.0,12.0,3927.0,3914.0
2018-04-26 21:07:50.000,rb1805,3926.0,0.0,0.0,1.0,3926.0,17.0,3925.0,12.0,3927.0,3914.0
2018-04-26 21:07:50.500,rb1805,3926.0,0.0,0.0,1.0,3926.0,13.0,3925.0,12.0,3927.0,3914.0
2018-04-26 21:07:51.000,rb1805,3926.0,0.0,0.0,1.0,3926.0,16.0,3925.0,7.0,3927.0,3914.0
2018-04-26 21:07:51.500,rb1805,3926.0,0.0,0.0,1.0,3926.0,16.0,3925.0,7.0,3927.0,3914.0
2018-04-26 21:07:52.000,rb1805,3926.0,0.0,0.0,1.0,3926.0,36.0,3925.0,7.0,3927.0,3914.0
2018-04-26 21:07:52.500,rb1805,3926.0,0.0,0.0,1.0,3926.0,39.0,3925.0,9.0,3927.0,3914.0
2018-04-26 21:07:53.000,rb1805,3926.0,0.0,0.0,1.0,3926.0,39.0,3925.0,9.0,3927.0,3914.0
2018-04-26 21:07:53.500,rb1805,3926.0,0.0,0.0,1.0,3926.0,39.0,3925.0,9.0,3927.0,3914.0
2018-04-26 21:07:54.000,rb1805,3926.0,4.0,157040.0,1.0,3926.0,37.0,3925.0,9.0,3927.0,3914.0
2018-04-26 21:07:54.500,rb1805,3926.0,0.0,0.0,1.0,3926.0,37.0,3925.0,4.0,3927.0,3914.0
2018-04-26 21:07:55.000,rb1805,3926.0,0.0,0.0,1.0,3926.0,37.0,3925.0,4.0,3927.0,3914.0
2018-04-26 21:07:55.500,rb1805,3926.0,0.0,0.0,1.0,3926.0,35.0,3925.0,4.0,3927.0,3914.0
2018-04-26 21:07:56.000,rb1805,3926.0,0.0,0.0,1.0,3926.0,31.0,3925.0,9.0,3927.0,3914.0
2018-04-26 21:07:56.500,rb1805,3926.0,0.0,0.0,1.0,3926.0,32.0,3925.0,9.0,3927.0,3914.0
2018-04-26 21:07:57.000,rb1805,3926.0,18.0,706680.0,1.0,3926.0,24.0,3925.0,10.0,3927.0,3914.0
2018-04-26 21:07:57.500,rb1805,3926.0,0.0,0.0,1.0,3926.0,22.0,3925.0,10.0,3927.0,3914.0
2018-04-26 21:07:58.000,rb1805,3926.0,0.0,0.0,1.0,3926.0,22.0,3925.0,10.0,3927.0,3914.0
2018-04-26 21:07:58.500,rb1805,3926.0,0.0,0.0,1.0,3926.0,22.0,3925.0,12.0,3927.0,3914.0
2018-04-26 21:07:59.000,rb1805,3926.0,0.0,0.0,1.0,3926.0,22.0,3925.0,12.0,3927.0,3914.0
2018-04-26 21:07:59.500,rb1805,3926.0,0.0,0.0,1.0,3926.0,22.0,3925.0,13.0,3927.0,3914.0
2018-04-26 21:08:00.000,rb1805,3926.0,0.0,0.0,1.0,3926.0,22.0,3925.0,13.0,3927.0,3914.0
2018-04-26 21:08:00.500,rb1805,3926.0,0.0,0.0,1.0,3926.0,22.0,3925.0,13.0,3927.0,3914.0
2018-04-26 21:08:01.000,rb1805,3926.0,0.0,0.0,1.0,3926.0,22.0,3925.0,13.0,3927.0,3914.0
2018-04-26 21:08:01.500,rb1805,3926.0,40.0,1570400.0,1.0,3926.0,5.0,3925.0,14.0,3927.0,3914.0
2018-04-26 21:08:02.000,rb1805,3926.0,0.0,0.0,1.0,3926.0,5.0,3925.0,14.0,3927.0,3914.0
2018-04-26 21:08:02.500,rb1805,3926.0,0.0,0.0,1.0,3926.0,5.0,3925.0,14.0,3927.0,3914.0
2018-04-26 21:08:03.000,rb1805,3926.0,4.0,157040.0,1.0,3926.0,3.0,3925.0,22.0,3927.0,3914.0
2018-04-26 21:08:03.500,rb1805,3926.0,4.0,157020.0,1.0,3926.0,2.0,3925.0,27.0,3927.0,3914.0
2018-04-26 21:08:04.000,rb1805,3926.0,0.0,0.0,1.0,3926.0,2.0,3925.0,27.0,3927.0,3914.0
2018-04-26 21:08:04.500,rb1805,3926.0,0.0,0.0,1.0,3926.0,2.0,3925.0,29.0,3927.0,3914.0
2018-04-26 21:08:05.000,rb1805,3926.0,0.0,0.0,1.0,3926.0,2.0,3925.0,27.0,3927.0,3914.0
2018-04-26 21:08:05.500,rb1805,3925.0,20.0,785000.0,1.0,3926.0,2.0,3925.0,17.0,3927.0,3914.0
2018-04-26 21:08:06.000,rb1805,3926.0,4.0,157040.0,1.0,3926.0,3.0,3925.0,16.0,3927.0,3914.0
2018-04-26 21:08:06.500,rb1805,3926.0,0.0,0.0,1.0,3926.0,3.0,3925.0,15.0,3927.0,3914.0
2018-04-26 21:08:07.000,rb1805,3926.0,0.0,0.0,1.0,3926.0,3.0,3925.0,15.0,3927.0,3914.0
2018-04-26 21:08:07.500,rb1805,3926.0,0.0,0.0,1.0,3926.0,6.0,3925.0,15.0,3927.0,3914.0
2018-04-26 21:08:08.000,rb1805,3926.0,0.0,0.0,1.0,3926.0,6.0,3925.0,15.0,3927.0,3914.0
2018-04-26 21:08:08.500,rb1805,3926.0,0.0,0.0,1.0,3926.0,6.0,3925.0,15.0,3927.0,3914.0
2018-04-26 21:08:09.000,rb1805,3926.0,12.0,471120.0,1.0,3927.0,310.0,3926.0,14.0,3927.0,3914.0
2018-04-26 21:08:09.500,rb1805,3926.0,24.0,942240.0,1.0,3927.0,310.0,3926.0,2.0,3927.0,3914.0
2018-04-26 21:08:10.000,rb1805,3926.0,2.0,78520.0,1.0,3927.0,310.0,3926.0,2.0,3927.0,3914.0
2018-04-26 21:08:10.500,rb1805,3926.0,2.0,78520.0,1.0,3927.0,310.0,3926.0,1.0,3927.0,3914.0
2018-04-26 21:08:11.000,rb1805,3926.0,2.0,78520.0,1.0,3927.0,310.0,3925.0,17.0,3927.0,3914.0
2018-04-26 21:08:11.500,rb1805,3926.0,0.0,0.0,1.0,3926.0,11.0,3925.0,15.0,3927.0,3914.0
2018-04-26 21:08:12.000,rb1805,3926.0,0.0,0.0,1.0,3926.0,12.0,3925.0,15.0,3927.0,3914.0
2018-04-26 21:08:12.500,rb1805,3926.0,6.0,235560.0,1.0,3926.0,10.0,3925.0,15.0,3927.0,3914.0
2018-04-26 21:08:13.000,rb1805,3926.0,0.0,0.0,1.0,3926.0,12.0,3925.0,15.0,3927.0,3914.0
2018-04-26 21:08:13.500,rb1805,3926.0,0.0,0.0,1.0,3926.0,12.0,3925.0,15.0,3927.0,3914.0
2018-04-26 21:08:14.000,rb1805,3926.0,0.0,0.0,1.0,3926.0,12.0,3925.0,15.0,3927.0,3914.0
2018-04-26 21:08:14.500,rb1805,3926.0,0.0,0.0,1.0,3926.0,12.0,3925.0,15.0,3927.0,3914.0
2018-04-26 21:08:15.000,rb1805,3926.0,0.0,0.0,1.0,3926.0,17.0,3925.0,15.0,3927.0,3914.0
2018-04-26 21:08:15.500,rb1805,3926.0,12.0,471120.0,1.0,3926.0,11.0,3925.0,15.0,3927.0,3914.0
2018-04-26 21:08:16.000,rb1805,3926.0,0.0,0.0,1.0,3926.0,11.0,3925.0,15.0,3927.0,3914.0
2018-04-26 21:08:16.500,rb1805,3926.0,12.0,471120.0,1.0,3926.0,4.0,3925.0,16.0,3927.0,3914.0
2018-04-26 21:08:17.000,rb1805,3926.0,0.0,0.0,1.0,3926.0,4.0,3925.0,17.0,3927.0,3914.0
2018-04-26 21:08:17.500,rb1805,3926.0,0.0,0.0,1.0,3926.0,4.0,3925.0,17.0,3927.0,3914.0
2018-04-26 21:08:18.000,rb1805,3926.0,8.0,314080.0,1.0,3927.0,315.0,3926.0,46.0,3927.0,3914.0
2018-04-26 21:08:18.500,rb1805,3926.0,2.0,78520.0,1.0,3927.0,310.0,3926.0,45.0,3927.0,3914.0
2018-04-26 21:08:19.000,rb1805,3926.0,0.0,0.0,1.0,3927.0,310.0,3926.0,45.0,3927.0,3914.0
2018-04-26 21:08:19.500,rb1805,3926.0,0.0,0.0,1.0,3927.0,310.0,3926.0,45.0,3927.0,3914.0
2018-04-26 21:08:20.000,rb1805,3926.0,0.0,0.0,1.0,3927.0,310.0,3926.0,45.0,3927.0,3914.0
2018-04-26 21:08:20.500,rb1805,3926.0,0.0,0.0,1.0,3927.0,310.0,3926.0,45.0,3927.0,3914.0
2018-04-26 21:08:21.000,rb1805,3926.0,0.0,0.0,1.0,3927.0,310.0,3926.0,45.0,3927.0,3914.0
2018-04-26 21:08:21.500,rb1805,3926.0,0.0,0.0,1.0,3927.0,310.0,3926.0,45.0,3927.0,3914.0
2018-04-26 21:08:22.000,rb1805,3926.0,0.0,0.0,1.0,3927.0,310.0,3926.0,45.0,3927.0,3914.0
2018-04-26 21:08:22.500,rb1805,3927.0,2.0,78540.0,1.0,3927.0,309.0,3926.0,45.0,3927.0,3914.0
2018-04-26 21:08:23.000,rb1805,3927.0,0.0,0.0,1.0,3927.0,309.0,3926.0,45.0,3927.0,3914.0
2018-04-26 21:08:23.500,rb1805,3927.0,0.0,0.0,1.0,3927.0,309.0,3926.0,45.0,3927.0,3914.0
2018-04-26 21:08:24.000,rb1805,3927.0,0.0,0.0,1.0,3927.0,309.0,3926.0,45.0,3927.0,3914.0
2018-04-26 21:08:24.500,rb1805,3927.0,0.0,0.0,1.0,3927.0,309.0,3926.0,45.0,3927.0,3914.0
2018-04-26 21:08:25.000,rb1805,3927.0,0.0,0.0,1.0,3927.0,309.0,3926.0,45.0,3927.0,3914.0
2018-04-26 21:08:25.500,rb1805,3927.0,0.0,0.0,1.0,3927.0,309.0,3926.0,45.0,3927.0,3914.0
2018-04-26 21:08:26.000,rb1805,3927.0,2.0,78540.0,1.0,3927.0,308.0,3926.0,45.0,3927.0,3914.0
2018-04-26 21:08:26.500,rb1805,3927.0,0.0,0.0,1.0,3927.0,308.0,3926.0,50.0,3927.0,3914.0
2018-04-26 21:08:27.000,rb1805,3927.0,0.0,0.0,1.0,3927.0,308.0,3926.0,50.0,3927.0,3914.0
2018-04-26 21:08:27.500,rb1805,3927.0,0.0,0.0,1.0,3927.0,308.0,3926.0,50.0,3927.0,3914.0
2018-04-26 21:08:28.000,rb1805,3927.0,0.0,0.0,1.0,3927.0,308.0,3926.0,50.0,3927.0,3914.0
2018-04-26 21:08:28.500,rb1805,3927.0,0.0,0.0,1.0,3927.0,308.0,3926.0,50.0,3927.0,3914.0
2018-04-26 21:08:29.000,rb1805,3927.0,0.0,0.0,1.0,3927.0,308.0,3926.0,50.0,3927.0,3914.0
2018-04-26 21:08:29.500,rb1805,3926.0,60.0,2355600.0,1.0,3927.0,308.0,3926.0,20.0,3927.0,3914.0
2018-04-26 21:08:30.000,rb1805,3926.0,0.0,0.0,1.0,3927.0,308.0,3926.0,20.0,3927.0,3914.0
2018-04-26 21:08:30.500,rb1805,3926.0,0.0,0.0,1.0,3927.0,308.0,3926.0,20.0,3927.0,3914.0
2018-04-26 21:08:31.000,rb1805,3926.0,0.0,0.0,1.0,3927.0,308.0,3926.0,20.0,3927.0,3914.0
2018-04-26 21:08:31.500,rb1805,3926.0,0.0,0.0,1.0,3927.0,308.0,3926.0,20.0,3927.0,3914.0
2018-04-26 21:08:32.000,rb1805,3926.0,0.0,0.0,1.0,3927.0,308.0,3926.0,20.0,3927.0,3914.0
2018-04-26 21:08:32.500,rb1805,3926.0,2.0,78520.0,1.0,3927.0,308.0,3926.0,19.0,3927.0,3914.0
2018-04-26 21:08:33.000,rb1805,3926.0,0.0,0.0,1.0,3927.0,308.0,3926.0,19.0,3927.0,3914.0
2018-04-26 21:08:33.500,rb1805,3926.0,0.0,0.0,1.0,3927.0,308.0,3926.0,19.0,3927.0,3914.0
2018-04-26 21:08:34.000,rb1805,3926.0,0.0,0.0,1.0,3927.0,308.0,3926.0,19.0,3927.0,3914.0
2018-04-26 21:08:34.500,rb1805,3926.0,20.0,785200.0,1.0,3927.0,309.0,3926.0,9.0,3927.0,3914.0
2018-04-26 21:08:35.000,rb1805,3926.0,4.0,157040.0,1.0,3927.0,309.0,3926.0,8.0,3927.0,3914.0
2018-04-26 21:08:35.500,rb1805,3926.0,0.0,0.0,1.0,3927.0,309.0,3926.0,8.0,3927.0,3914.0
2018-04-26 21:08:36.000,rb1805,3926.0,22.0,863720.0,1.0,3926.0,12.0,3925.0,27.0,3927.0,3914.0
2018-04-26 21:08:36.500,rb1805,3926.0,0.0,0.0,1.0,3926.0,12.0,3925.0,28.0,3927.0,3914.0
2018-04-26 21:08:37.000,rb1805,3926.0,0.0,0.0,1.0,3926.0,12.0,3925.0,28.0,3927.0,3914.0
2018-04-26 21:08:37.500,rb1805,3926.0,0.0,0.0,1.0,3926.0,12.0,3925.0,28.0,3927.0,3914.0
2018-04-26 21:08:38.000,rb1805,3926.0,0.0,0.0,1.0,3926.0,13.0,3925.0,28.0,3927.0,3914.0
2018-04-26 21:08:38.500,rb1805,3926.0,20.0,785200.0,1.0,3926.0,3.0,3925.0,26.0,3927.0,3914.0
2018-04-26 21:08:39.000,rb1805,3926.0,0.0,0.0,1.0,3926.0,3.0,3925.0,26.0,3927.0,3914.0
2018-04-26 21:08:39.500,rb1805,3926.0,0.0,0.0,1.0,3926.0,3.0,3925.0,26.0,3927.0,3914.0
2018-04-26 21:08:40.000,rb1805,3926.0,0.0,0.0,1.0,3926.0,3.0,3925.0,26.0,3927.0,3914.0
2018-04-26 21:08:40.500,rb1805,3926.0,0.0,0.0,1.0,3926.0,3.0,3925.0,25.0,3927.0,3914.0
2018-04-26 21:08:41.000,rb1805,3926.0,0.0,0.0,1.0,3926.0,3.0,3925.0,25.0,3927.0,3914.0
2018-04-26 21:08:41.500,rb1805,3926.0,0.0,0.0,1.0,3926.0,3.0,3925.0,26.0,3927.0,3914.0
2018-04-26 21:08:42.000,rb1805,3926.0,0.0,0.0,1.0,3926.0,3.0,3925.0,27.0,3927.0,3914.0
2018-04-26 21:08:42.500,rb1805,3926.0,0.0,0.0,1.0,3926.0,3.0,3925.0,27.0,3927.0,3914.0
2018-04-26 21:08:43.000,rb1805,3926.0,0.0,0.0,1.0,3926.0,3.0,3925.0,30.0,3927.0,3914.0
2018-04-26 21:08:43.500,rb1805,3925.0,2.0,78500.0,1.0,3926.0,3.0,3925.0,29.0,3927.0,3914.0
2018-04-26 21:08:44.000,rb1805,3925.0,0.0,0.0,1.0,3926.0,3.0,3925.0,29.0,3927.0,3914.0
2018-04-26 21:08:44.500,rb1805,3925.0,0.0,0.0,1.0,3926.0,3.0,3925.0,29.0,3927.0,3914.0
2018-04-26 21:08:45.000,rb1805,3925.0,2.0,78500.0,1.0,3926.0,3.0,3925.0,26.0,3927.0,3914.0
2018-04-26 21:08:45.500,rb1805,3925.0,0.0,0.0,1.0,3926.0,3.0,3925.0,25.0,3927.0,3914.0
2018-04-26 21:08:46.000,rb1805,3926.0,6.0,235560.0,1.0,3927.0,308.0,3926.0,47.0,3927.0,3914.0
2018-04-26 21:08:46.500,rb1805,3926.0,0.0,0.0,1.0,3927.0,307.0,3926.0,47.0,3927.0,3914.0
2018-04-26 21:08:47.000,rb1805,3926.0,2.0,78520.0,1.0,3927.0,307.0,3926.0,46.0,3927.0,3914.0
2018-04-26 21:08:47.500,rb1805,3926.0,0.0,0.0,1.0,3927.0,307.0,3926.0,46.0,3927.0,3914.0
2018-04-26 21:08:48.000,rb1805,3926.0,0.0,0.0,1.0,3927.0,312.0,3926.0,46.0,3927.0,3914.0
2018-04-26 21:08:48.500,rb1805,3926.0,0.0,0.0,1.0,3927.0,312.0,3926.0,46.0,3927.0,3914.0
2018-04-26 21:08:49.000,rb1805,3926.0,2.0,78520.0,1.0,3927.0,312.0,3926.0,45.0,3927.0,3914.0
2018-04-26 21:08:49.500,rb1805,3927.0,2.0,78540.0,1.0,3927.0,311.0,3926.0,45.0,3927.0,3914.0
2018-04-26 21:08:50.000,rb1805,3926.0,2.0,78520.0,1.0,3927.0,311.0,3926.0,44.0,3927.0,3914.0
2018-04-26 21:08:50.500,rb1805,3926.0,0.0,0.0,1.0,3927.0,311.0,3926.0,44.0,3927.0,3914.0
2018-04-26 21:08:51.000,rb1805,3926.0,0.0,0.0,1.0,3927.0,311.0,3926.0,44.0,3927.0,3914.0
2018-04-26 21:08:51.500,rb1805,3926.0,0.0,0.0,1.0,3927.0,311.0,3926.0,44.0,3927.0,3914.0
2018-04-26 21:08:52.000,rb1805,3926.0,0.0,0.0,1.0,3927.0,311.0,3926.0,44.0,3927.0,3914.0
2018-04-26 21:08:52.500,rb1805,3926.0,0.0,0.0,1.0,3927.0,311.0,3926.0,44.0,3927.0,3914.0
2018-04-26 21:08:53.000,rb1805,3926.0,2.0,78520.0,1.0,3927.0,311.0,3926.0,43.0,3927.0,3914.0
2018-04-26 21:08:53.500,rb1805,3926.0,0.0,0.0,1.0,3927.0,311.0,3926.0,43.0,3927.0,3914.0
2018-04-26 21:08:54.000,rb1805,3926.0,0.0,0.0,1.0,3927.0,311.0,3926.0,43.0,3927.0,3914.0
2018-04-26 21:08:54.500,rb1805,3926.0,0.0,0.0,1.0,3927.0,311.0,3926.0,43.0,3927.0,3914.0
2018-04-26 21:08:55.000,rb1805,3926.0,0.0,0.0,1.0,3927.0,311.0,3926.0,44.0,3927.0,3914.0
2018-04-26 21:08:55.500,rb1805,3927.0,46.0,1806420.0,1.0,3927.0,288.0,3926.0,44.0,3927.0,3914.0
2018-04-26 21:08:56.000,rb1805,3927.0,0.0,0.0,1.0,3927.0,287.0,3926.0,44.0,3927.0,3914.0
2018-04-26 21:08:56.500,rb1805,3927.0,0.0,0.0,1.0,3927.0,287.0,3926.0,44.0,3927.0,3914.0
2018-04-26 21:08:57.000,rb1805,3927.0,0.0,0.0,1.0,3927.0,287.0,3926.0,45.0,3927.0,3914.0
2018-04-26 21:08:57.500,rb1805,3927.0,0.0,0.0,1.0,3927.0,287.0,3926.0,45.0,3927.0,3914.0
2018-04-26 21:08:58.000,rb1805,3927.0,0.0,0.0,1.0,3927.0,287.0,3926.0,45.0,3927.0,3914.0
2018-04-26 21:08:58.500,rb1805,3927.0,0.0,0.0,1.0,3927.0,287.0,3926.0,46.0,3927.0,3914.0
2018-04-26 21:08:59.000,rb1805,3927.0,16.0,628320.0,1.0,3927.0,274.0,3926.0,46.0,3927.0,3914.0
2018-04-26 21:08:59.500,rb1805,3927.0,0.0,0.0,1.0,3927.0,274.0,3926.0,46.0,3927.0,3914.0
2018-04-26 21:09:00.000,rb1805,3926.0,60.0,2355600.0,1.0,3927.0,272.0,3926.0,18.0,3927.0,3914.0
2018-04-26 21:09:00.500,rb1805,3926.0,0.0,0.0,1.0,3927.0,272.0,3926.0,18.0,3927.0,3914.0
2018-04-26 21:09:01.000,rb1805,3926.0,0.0,0.0,1.0,3927.0,273.0,3926.0,16.0,3927.0,3914.0
2018-04-26 21:09:01.500,rb1805,3926.0,0.0,0.0,1.0,3927.0,273.0,3926.0,16.0,3927.0,3914.0
2018-04-26 21:09:02.000,rb1805,3926.0,0.0,0.0,1.0,3927.0,273.0,3926.0,17.0,3927.0,3914.0
2018-04-26 21:09:02.500,rb1805,3927.0,8.0,314160.0,1.0,3927.0,269.0,3926.0,17.0,3927.0,3914.0
2018-04-26 21:09:03.000,rb1805,3926.0,2.0,78520.0,1.0,3927.0,269.0,3926.0,16.0,3927.0,3914.0
2018-04-26 21:09:03.500,rb1805,3926.0,2.0,78520.0,1.0,3927.0,269.0,3926.0,25.0,3927.0,3914.0
2018-04-26 21:09:04.000,rb1805,3926.0,0.0,0.0,1.0,3927.0,269.0,3926.0,25.0,3927.0,3914.0
2018-04-26 21:09:04.500,rb1805,3926.0,0.0,0.0,1.0,3927.0,268.0,3926.0,27.0,3927.0,3914.0
2018-04-26 21:09:05.000,rb1805,3927.0,10.0,392700.0,1.0,3927.0,262.0,3926.0,36.0,3927.0,3914.0
2018-04-26 21:09:05.500,rb1805,3927.0,0.0,0.0,1.0,3927.0,262.0,3926.0,36.0,3927.0,3914.0
2018-04-26 21:09:06.000,rb1805,3927.0,2.0,78540.0,1.0,3927.0,261.0,3926.0,36.0,3927.0,3914.0
2018-04-26 21:09:06.500,rb1805,3927.0,0.0,0.0,1.0,3927.0,261.0,3926.0,31.0,3927.0,3914.0
2018-04-26 21:09:07.000,rb1805,3927.0,0.0,0.0,1.0,3927.0,262.0,3926.0,28.0,3927.0,3914.0
2018-04-26 21:09:07.500,rb1805,3926.0,40.0,1570400.0,1.0,3927.0,263.0,3926.0,8.0,3927.0,3914.0
2018-04-26 21:09:08.000,rb1805,3927.0,2.0,78540.0,1.0,3927.0,262.0,3926.0,5.0,3927.0,3914.0
2018-04-26 21:09:08.500,rb1805,3927.0,2.0,78540.0,1.0,3927.0,261.0,3926.0,5.0,3927.0,3914.0
2018-04-26 21:09:09.000,rb1805,3927.0,0.0,0.0,1.0,3927.0,261.0,3926.0,5.0,3927.0,3914.0
2018-04-26 21:09:09.500,rb1805,3927.0,0.0,0.0,1.0,3927.0,261.0,3926.0,5.0,3927.0,3914.0
2018-04-26 21:09:10.000,rb1805,3927.0,0.0,0.0,1.0,3927.0,261.0,3926.0,5.0,3927.0,3914.0
2018-04-26 21:09:10.500,rb1805,3927.0,0.0,0.0,1.0,3927.0,261.0,3926.0,5.0,3927.0,3914.0
2018-04-26 21:09:11.000,rb1805,3927.0,0.0,0.0,1.0,3927.0,261.0,3926.0,5.0,3927.0,3914.0
2018-04-26 21:09:11.500,rb1805,3926.0,10.0,392600.0,1.0,3926.0,5.0,3925.0,26.0,3927.0,3914.0
2018-04-26 21:09:12.000,rb1805,3925.0,6.0,235500.0,1.0,3926.0,5.0,3925.0,26.0,3927.0,3914.0
2018-04-26 21:09:12.500,rb1805,3925.0,0.0,0.0,1.0,3926.0,5.0,3925.0,26.0,3927.0,3914.0
2018-04-26 21:09:13.000,rb1805,3925.0,0.0,0.0,1.0,3926.0,5.0,3925.0,28.0,3927.0,3914.0
2018-04-26 21:09:13.500,rb1805,3925.0,0.0,0.0,1.0,3926.0,5.0,3925.0,26.0,3927.0,3914.0
2018-04-26 21:09:14.000,rb1805,3925.0,0.0,0.0,1.0,3926.0,15.0,3925.0,26.0,3927.0,3914.0
2018-04-26 21:09:14.500,rb1805,3925.0,0.0,0.0,1.0,3926.0,16.0,3925.0,24.0,3927.0,3914.0
2018-04-26 21:09:15.000,rb1805,3925.0,0.0,0.0,1.0,3926.0,21.0,3925.0,29.0,3927.0,3914.0
2018-04-26 21:09:15.500,rb1805,3926.0,12.0,471120.0,1.0,3926.0,15.0,3925.0,29.0,3927.0,3914.0
2018-04-26 21:09:16.000,rb1805,3926.0,0.0,0.0,1.0,3926.0,15.0,3925.0,29.0,3927.0,3914.0
2018-04-26 21:09:16.500,rb1805,3926.0,0.0,0.0,1.0,3926.0,15.0,3925.0,29.0,3927.0,3914.0
