,Code,Price,volume,Turover,Flag,Askprice0,Askvolume0,Bidprice0,Bidvolume0,HighestPrice,LowestPrice
2018-04-24 21:00:00.500,rb1805,3891.0,68.0,2645880.0,1.0,3891.0,582.0,3890.0,621.0,3891.0,3891.0
2018-04-24 21:00:01.000,rb1805,3890.0,218.0,8481560.0,1.0,3891.0,514.0,3890.0,580.0,3891.0,3890.0
2018-04-24 21:00:01.500,rb1805,3890.0,154.0,5990600.0,1.0,3891.0,519.0,3890.0,503.0,3891.0,3890.0
2018-04-24 21:00:02.000,rb1805,3890.0,64.0,2489600.0,1.0,3891.0,519.0,3890.0,471.0,3891.0,3890.0
2018-04-24 21:00:02.500,rb1805,3890.0,106.0,4123800.0,1.0,3891.0,499.0,3890.0,438.0,3891.0,3890.0
2018-04-24 21:00:03.000,rb1805,3890.0,40.0,1556000.0,1.0,3891.0,499.0,3890.0,418.0,3891.0,3890.0
2018-04-24 21:00:03.500,rb1805,3891.0,4.0,155640.0,1.0,3891.0,497.0,3890.0,418.0,3891.0,3890.0
2018-04-24 21:00:04.000,rb1805,3891.0,0.0,0.0,1.0,3891.0,492.0,3890.0,418.0,3891.0,3890.0
2018-04-24 21:00:04.500,rb1805,3891.0,0.0,0.0,1.0,3891.0,498.0,3890.0,418.0,3891.0,3890.0
2018-04-24 21:00:05.000,rb1805,3890.0,12.0,466800.0,1.0,3891.0,498.0,3890.0,412.0,3891.0,3890.0
2018-04-24 21:00:05.500,rb1805,3890.0,0.0,0.0,1.0,3891.0,493.0,3890.0,412.0,3891.0,3890.0
2018-04-24 21:00:06.000,rb1805,3890.0,0.0,0.0,1.0,3891.0,498.0,3890.0,412.0,3891.0,3890.0
2018-04-24 21:00:06.500,rb1805,3890.0,0.0,0.0,1.0,3891.0,498.0,3890.0,412.0,3891.0,3890.0
2018-04-24 21:00:07.000,rb1805,3891.0,6.0,233460.0,1.0,3891.0,495.0,3890.0,412.0,3891.0,3890.0
2018-04-24 21:00:07.500,rb1805,3890.0,12.0,466800.0,1.0,3891.0,495.0,3890.0,406.0,3891.0,3890.0
2018-04-24 21:00:08.000,rb1805,3890.0,0.0,0.0,1.0,3891.0,495.0,3890.0,406.0,3891.0,3890.0
2018-04-24 21:00:08.500,rb1805,3890.0,0.0,0.0,1.0,3891.0,495.0,3890.0,406.0,3891.0,3890.0
2018-04-24 21:00:09.000,rb1805,3890.0,0.0,0.0,1.0,3891.0,495.0,3890.0,406.0,3891.0,3890.0
2018-04-24 21:00:09.500,rb1805,3890.0,2.0,77800.0,1.0,3891.0,495.0,3890.0,405.0,3891.0,3890.0
2018-04-24 21:00:10.000,rb1805,3890.0,0.0,0.0,1.0,3891.0,505.0,3890.0,410.0,3891.0,3890.0
2018-04-24 21:00:10.500,rb1805,3890.0,10.0,389000.0,1.0,3891.0,505.0,3890.0,405.0,3891.0,3890.0
2018-04-24 21:00:11.000,rb1805,3890.0,0.0,0.0,1.0,3891.0,505.0,3890.0,405.0,3891.0,3890.0
2018-04-24 21:00:11.500,rb1805,3890.0,4.0,155600.0,1.0,3891.0,505.0,3890.0,403.0,3891.0,3890.0
2018-04-24 21:00:12.000,rb1805,3890.0,4.0,155620.0,1.0,3891.0,504.0,3890.0,402.0,3891.0,3890.0
2018-04-24 21:00:12.500,rb1805,3890.0,0.0,0.0,1.0,3891.0,504.0,3890.0,402.0,3891.0,3890.0
2018-04-24 21:00:13.000,rb1805,3891.0,2.0,77820.0,1.0,3891.0,503.0,3890.0,402.0,3891.0,3890.0
2018-04-24 21:00:13.500,rb1805,3891.0,0.0,0.0,1.0,3891.0,503.0,3890.0,402.0,3891.0,3890.0
2018-04-24 21:00:14.000,rb1805,3890.0,2.0,77800.0,1.0,3891.0,503.0,3890.0,401.0,3891.0,3890.0
2018-04-24 21:00:14.500,rb1805,3890.0,2.0,77800.0,1.0,3891.0,503.0,3890.0,400.0,3891.0,3890.0
2018-04-24 21:00:15.000,rb1805,3890.0,0.0,0.0,1.0,3891.0,503.0,3890.0,400.0,3891.0,3890.0
2018-04-24 21:00:15.500,rb1805,3890.0,0.0,0.0,1.0,3891.0,503.0,3890.0,412.0,3891.0,3890.0
2018-04-24 21:00:16.000,rb1805,3890.0,0.0,0.0,1.0,3891.0,493.0,3890.0,417.0,3891.0,3890.0
2018-04-24 21:00:16.500,rb1805,3890.0,0.0,0.0,1.0,3891.0,494.0,3890.0,417.0,3891.0,3890.0
2018-04-24 21:00:17.000,rb1805,3890.0,0.0,0.0,1.0,3891.0,494.0,3890.0,417.0,3891.0,3890.0
2018-04-24 21:00:17.500,rb1805,3891.0,54.0,2101140.0,1.0,3891.0,467.0,3890.0,422.0,3891.0,3890.0
2018-04-24 21:00:18.000,rb1805,3891.0,4.0,155640.0,1.0,3891.0,465.0,3890.0,422.0,3891.0,3890.0
2018-04-24 21:00:18.500,rb1805,3891.0,42.0,1634220.0,1.0,3891.0,444.0,3890.0,422.0,3891.0,3890.0
2018-04-24 21:00:19.000,rb1805,3891.0,30.0,1167300.0,1.0,3891.0,429.0,3890.0,422.0,3891.0,3890.0
2018-04-24 21:00:19.500,rb1805,3890.0,4.0,155600.0,1.0,3891.0,429.0,3890.0,420.0,3891.0,3890.0
2018-04-24 21:00:20.000,rb1805,3891.0,104.0,4045640.0,1.0,3891.0,427.0,3890.0,370.0,3891.0,3890.0
2018-04-24 21:00:20.500,rb1805,3891.0,0.0,0.0,1.0,3891.0,427.0,3890.0,370.0,3891.0,3890.0
2018-04-24 21:00:21.000,rb1805,3891.0,0.0,0.0,1.0,3891.0,427.0,3890.0,370.0,3891.0,3890.0
2018-04-24 21:00:21.500,rb1805,3891.0,0.0,0.0,1.0,3891.0,427.0,3890.0,371.0,3891.0,3890.0
2018-04-24 21:00:22.000,rb1805,3891.0,0.0,0.0,1.0,3891.0,427.0,3890.0,371.0,3891.0,3890.0
2018-04-24 21:00:22.500,rb1805,3891.0,0.0,0.0,1.0,3891.0,427.0,3890.0,371.0,3891.0,3890.0
2018-04-24 21:00:23.000,rb1805,3891.0,0.0,0.0,1.0,3891.0,430.0,3890.0,371.0,3891.0,3890.0
2018-04-24 21:00:23.500,rb1805,3891.0,0.0,0.0,1.0,3891.0,430.0,3890.0,359.0,3891.0,3890.0
2018-04-24 21:00:24.000,rb1805,3890.0,4.0,155600.0,1.0,3891.0,430.0,3890.0,357.0,3891.0,3890.0
2018-04-24 21:00:24.500,rb1805,3890.0,0.0,0.0,1.0,3891.0,430.0,3890.0,358.0,3891.0,3890.0
2018-04-24 21:00:25.000,rb1805,3890.0,8.0,311200.0,1.0,3891.0,430.0,3890.0,354.0,3891.0,3890.0
2018-04-24 21:00:25.500,rb1805,3891.0,4.0,155640.0,1.0,3891.0,428.0,3890.0,354.0,3891.0,3890.0
2018-04-24 21:00:26.000,rb1805,3891.0,0.0,0.0,1.0,3891.0,428.0,3890.0,354.0,3891.0,3890.0
2018-04-24 21:00:26.500,rb1805,3891.0,0.0,0.0,1.0,3891.0,428.0,3890.0,354.0,3891.0,3890.0
2018-04-24 21:00:27.000,rb1805,3891.0,54.0,2101120.0,1.0,3891.0,402.0,3890.0,353.0,3891.0,3890.0
2018-04-24 21:00:27.500,rb1805,3890.0,2.0,77800.0,1.0,3891.0,402.0,3890.0,353.0,3891.0,3890.0
2018-04-24 21:00:28.000,rb1805,3890.0,0.0,0.0,1.0,3891.0,402.0,3890.0,353.0,3891.0,3890.0
2018-04-24 21:00:28.500,rb1805,3891.0,2.0,77820.0,1.0,3891.0,401.0,3890.0,353.0,3891.0,3890.0
2018-04-24 21:00:29.000,rb1805,3891.0,0.0,0.0,1.0,3891.0,401.0,3890.0,353.0,3891.0,3890.0
2018-04-24 21:00:29.500,rb1805,3891.0,0.0,0.0,1.0,3891.0,401.0,3890.0,353.0,3891.0,3890.0
2018-04-24 21:00:30.000,rb1805,3891.0,22.0,856020.0,1.0,3891.0,390.0,3890.0,353.0,3891.0,3890.0
2018-04-24 21:00:30.500,rb1805,3891.0,16.0,622560.0,1.0,3891.0,382.0,3890.0,354.0,3891.0,3890.0
2018-04-24 21:00:31.000,rb1805,3890.0,4.0,155600.0,1.0,3891.0,382.0,3890.0,352.0,3891.0,3890.0
2018-04-24 21:00:31.500,rb1805,3891.0,20.0,778200.0,1.0,3891.0,377.0,3890.0,352.0,3891.0,3890.0
2018-04-24 21:00:32.000,rb1805,3891.0,0.0,0.0,1.0,3891.0,377.0,3890.0,352.0,3891.0,3890.0
2018-04-24 21:00:32.500,rb1805,3890.0,4.0,155600.0,1.0,3891.0,397.0,3890.0,350.0,3891.0,3890.0
2018-04-24 21:00:33.000,rb1805,3890.0,0.0,0.0,1.0,3891.0,402.0,3890.0,340.0,3891.0,3890.0
2018-04-24 21:00:33.500,rb1805,3890.0,0.0,0.0,1.0,3891.0,402.0,3890.0,340.0,3891.0,3890.0
2018-04-24 21:00:34.000,rb1805,3890.0,2.0,77800.0,1.0,3891.0,402.0,3890.0,339.0,3891.0,3890.0
2018-04-24 21:00:34.500,rb1805,3891.0,34.0,1322840.0,1.0,3891.0,385.0,3890.0,344.0,3891.0,3890.0
2018-04-24 21:00:35.000,rb1805,3890.0,2.0,77800.0,1.0,3891.0,395.0,3890.0,333.0,3891.0,3890.0
2018-04-24 21:00:35.500,rb1805,3890.0,2.0,77800.0,1.0,3891.0,395.0,3890.0,332.0,3891.0,3890.0
2018-04-24 21:00:36.000,rb1805,3890.0,2.0,77800.0,1.0,3891.0,395.0,3890.0,331.0,3891.0,3890.0
2018-04-24 21:00:36.500,rb1805,3890.0,158.0,6146200.0,1.0,3891.0,395.0,3890.0,252.0,3891.0,3890.0
2018-04-24 21:00:37.000,rb1805,3890.0,76.0,2956540.0,1.0,3891.0,388.0,3890.0,221.0,3891.0,3890.0
2018-04-24 21:00:37.500,rb1805,3891.0,16.0,622560.0,1.0,3891.0,380.0,3890.0,221.0,3891.0,3890.0
2018-04-24 21:00:38.000,rb1805,3890.0,8.0,311200.0,1.0,3891.0,380.0,3890.0,217.0,3891.0,3890.0
2018-04-24 21:00:38.500,rb1805,3890.0,0.0,0.0,1.0,3891.0,380.0,3890.0,217.0,3891.0,3890.0
2018-04-24 21:00:39.000,rb1805,3890.0,0.0,0.0,1.0,3891.0,380.0,3890.0,217.0,3891.0,3890.0
2018-04-24 21:00:39.500,rb1805,3890.0,0.0,0.0,1.0,3891.0,380.0,3890.0,217.0,3891.0,3890.0
2018-04-24 21:00:40.000,rb1805,3890.0,20.0,778000.0,1.0,3891.0,380.0,3890.0,207.0,3891.0,3890.0
2018-04-24 21:00:40.500,rb1805,3890.0,0.0,0.0,1.0,3891.0,380.0,3890.0,207.0,3891.0,3890.0
2018-04-24 21:00:41.000,rb1805,3890.0,0.0,0.0,1.0,3891.0,380.0,3890.0,207.0,3891.0,3890.0
2018-04-24 21:00:41.500,rb1805,3890.0,0.0,0.0,1.0,3891.0,380.0,3890.0,207.0,3891.0,3890.0
2018-04-24 21:00:42.000,rb1805,3890.0,0.0,0.0,1.0,3891.0,380.0,3890.0,207.0,3891.0,3890.0
2018-04-24 21:00:42.500,rb1805,3890.0,4.0,155600.0,1.0,3891.0,380.0,3890.0,205.0,3891.0,3890.0
2018-04-24 21:00:43.000,rb1805,3890.0,0.0,0.0,1.0,3891.0,380.0,3890.0,205.0,3891.0,3890.0
2018-04-24 21:00:43.500,rb1805,3890.0,0.0,0.0,1.0,3891.0,380.0,3890.0,205.0,3891.0,3890.0
2018-04-24 21:00:44.000,rb1805,3890.0,42.0,1633800.0,1.0,3891.0,380.0,3890.0,184.0,3891.0,3890.0
2018-04-24 21:00:44.500,rb1805,3890.0,368.0,14315200.0,1.0,3890.0,7.0,3889.0,8.0,3891.0,3890.0
2018-04-24 21:00:45.000,rb1805,3889.0,6.0,233340.0,1.0,3890.0,30.0,3889.0,5.0,3891.0,3889.0
2018-04-24 21:00:45.500,rb1805,3889.0,0.0,0.0,1.0,3890.0,38.0,3889.0,3.0,3891.0,3889.0
2018-04-24 21:00:46.000,rb1805,3889.0,0.0,0.0,1.0,3890.0,39.0,3889.0,3.0,3891.0,3889.0
2018-04-24 21:00:46.500,rb1805,3889.0,0.0,0.0,1.0,3890.0,39.0,3889.0,3.0,3891.0,3889.0
2018-04-24 21:00:47.000,rb1805,3889.0,0.0,0.0,1.0,3890.0,37.0,3889.0,3.0,3891.0,3889.0
2018-04-24 21:00:47.500,rb1805,3889.0,0.0,0.0,1.0,3890.0,37.0,3889.0,3.0,3891.0,3889.0
2018-04-24 21:00:48.000,rb1805,3889.0,0.0,0.0,1.0,3890.0,37.0,3889.0,3.0,3891.0,3889.0
2018-04-24 21:00:48.500,rb1805,3889.0,0.0,0.0,1.0,3890.0,37.0,3889.0,3.0,3891.0,3889.0
2018-04-24 21:00:49.000,rb1805,3890.0,2.0,77800.0,1.0,3890.0,36.0,3889.0,8.0,3891.0,3889.0
2018-04-24 21:00:49.500,rb1805,3890.0,0.0,0.0,1.0,3890.0,37.0,3889.0,3.0,3891.0,3889.0
2018-04-24 21:00:50.000,rb1805,3890.0,0.0,0.0,1.0,3890.0,47.0,3889.0,3.0,3891.0,3889.0
2018-04-24 21:00:50.500,rb1805,3890.0,0.0,0.0,1.0,3890.0,44.0,3889.0,3.0,3891.0,3889.0
2018-04-24 21:00:51.000,rb1805,3889.0,2.0,77780.0,1.0,3890.0,43.0,3889.0,2.0,3891.0,3889.0
2018-04-24 21:00:51.500,rb1805,3889.0,8.0,311120.0,1.0,3890.0,43.0,3888.0,1.0,3891.0,3889.0
2018-04-24 21:00:52.000,rb1805,3889.0,0.0,0.0,1.0,3889.0,3.0,3888.0,1.0,3891.0,3889.0
2018-04-24 21:00:52.500,rb1805,3888.0,4.0,155520.0,1.0,3889.0,19.0,3887.0,15.0,3891.0,3888.0
2018-04-24 21:00:53.000,rb1805,3889.0,4.0,155560.0,1.0,3889.0,34.0,3887.0,17.0,3891.0,3888.0
2018-04-24 21:00:53.500,rb1805,3889.0,0.0,0.0,1.0,3889.0,37.0,3887.0,5.0,3891.0,3888.0
2018-04-24 21:00:54.000,rb1805,3889.0,0.0,0.0,1.0,3889.0,38.0,3887.0,3.0,3891.0,3888.0
2018-04-24 21:00:54.500,rb1805,3889.0,0.0,0.0,1.0,3888.0,2.0,3887.0,15.0,3891.0,3888.0
2018-04-24 21:00:55.000,rb1805,3889.0,0.0,0.0,1.0,3889.0,38.0,3887.0,16.0,3891.0,3888.0
2018-04-24 21:00:55.500,rb1805,3887.0,6.0,233220.0,1.0,3889.0,31.0,3887.0,25.0,3891.0,3887.0
2018-04-24 21:00:56.000,rb1805,3887.0,0.0,0.0,1.0,3889.0,31.0,3887.0,26.0,3891.0,3887.0
2018-04-24 21:00:56.500,rb1805,3887.0,0.0,0.0,1.0,3889.0,29.0,3887.0,26.0,3891.0,3887.0
2018-04-24 21:00:57.000,rb1805,3887.0,0.0,0.0,1.0,3889.0,30.0,3887.0,26.0,3891.0,3887.0
2018-04-24 21:00:57.500,rb1805,3887.0,2.0,77740.0,1.0,3889.0,34.0,3887.0,15.0,3891.0,3887.0
2018-04-24 21:00:58.000,rb1805,3887.0,2.0,77740.0,1.0,3889.0,34.0,3887.0,14.0,3891.0,3887.0
2018-04-24 21:00:58.500,rb1805,3887.0,2.0,77740.0,1.0,3889.0,34.0,3887.0,13.0,3891.0,3887.0
2018-04-24 21:00:59.000,rb1805,3887.0,2.0,77740.0,1.0,3889.0,41.0,3887.0,12.0,3891.0,3887.0
2018-04-24 21:00:59.500,rb1805,3887.0,8.0,310960.0,1.0,3889.0,41.0,3887.0,7.0,3891.0,3887.0
2018-04-24 21:01:00.000,rb1805,3887.0,0.0,0.0,1.0,3889.0,41.0,3886.0,17.0,3891.0,3887.0
2018-04-24 21:01:00.500,rb1805,3887.0,0.0,0.0,1.0,3888.0,3.0,3886.0,18.0,3891.0,3887.0
2018-04-24 21:01:01.000,rb1805,3887.0,0.0,0.0,1.0,3888.0,21.0,3886.0,21.0,3891.0,3887.0
2018-04-24 21:01:01.500,rb1805,3887.0,0.0,0.0,1.0,3888.0,28.0,3886.0,21.0,3891.0,3887.0
2018-04-24 21:01:02.000,rb1805,3887.0,0.0,0.0,1.0,3888.0,28.0,3886.0,18.0,3891.0,3887.0
2018-04-24 21:01:02.500,rb1805,3886.0,12.0,466320.0,1.0,3886.0,24.0,3885.0,45.0,3891.0,3886.0
2018-04-24 21:01:03.000,rb1805,3886.0,4.0,155440.0,1.0,3886.0,34.0,3885.0,45.0,3891.0,3886.0
2018-04-24 21:01:03.500,rb1805,3886.0,0.0,0.0,1.0,3886.0,44.0,3885.0,55.0,3891.0,3886.0
2018-04-24 21:01:04.000,rb1805,3886.0,0.0,0.0,1.0,3886.0,44.0,3885.0,55.0,3891.0,3886.0
2018-04-24 21:01:04.500,rb1805,3886.0,0.0,0.0,1.0,3886.0,45.0,3885.0,55.0,3891.0,3886.0
2018-04-24 21:01:05.000,rb1805,3886.0,0.0,0.0,1.0,3886.0,51.0,3885.0,55.0,3891.0,3886.0
2018-04-24 21:01:05.500,rb1805,3886.0,20.0,777160.0,1.0,3886.0,43.0,3885.0,53.0,3891.0,3885.0
2018-04-24 21:01:06.000,rb1805,3886.0,86.0,3341960.0,1.0,3887.0,2.0,3885.0,65.0,3891.0,3885.0
2018-04-24 21:01:06.500,rb1805,3886.0,0.0,0.0,1.0,3888.0,35.0,3886.0,10.0,3891.0,3885.0
2018-04-24 21:01:07.000,rb1805,3886.0,6.0,233160.0,1.0,3886.0,2.0,3885.0,65.0,3891.0,3885.0
2018-04-24 21:01:07.500,rb1805,3886.0,6.0,233160.0,1.0,3888.0,41.0,3886.0,2.0,3891.0,3885.0
2018-04-24 21:01:08.000,rb1805,3886.0,0.0,0.0,1.0,3888.0,37.0,3886.0,1.0,3891.0,3885.0
2018-04-24 21:01:08.500,rb1805,3886.0,0.0,0.0,1.0,3888.0,37.0,3886.0,1.0,3891.0,3885.0
2018-04-24 21:01:09.000,rb1805,3886.0,2.0,77720.0,1.0,3887.0,6.0,3885.0,68.0,3891.0,3885.0
2018-04-24 21:01:09.500,rb1805,3886.0,0.0,0.0,1.0,3887.0,6.0,3886.0,2.0,3891.0,3885.0
2018-04-24 21:01:10.000,rb1805,3886.0,0.0,0.0,1.0,3887.0,6.0,3886.0,2.0,3891.0,3885.0
2018-04-24 21:01:10.500,rb1805,3886.0,0.0,0.0,1.0,3887.0,6.0,3886.0,2.0,3891.0,3885.0
2018-04-24 21:01:11.000,rb1805,3886.0,0.0,0.0,1.0,3887.0,6.0,3886.0,24.0,3891.0,3885.0
2018-04-24 21:01:11.500,rb1805,3887.0,4.0,155480.0,1.0,3887.0,4.0,3886.0,31.0,3891.0,3885.0
2018-04-24 21:01:12.000,rb1805,3887.0,8.0,310960.0,1.0,3888.0,34.0,3887.0,35.0,3891.0,3885.0
2018-04-24 21:01:12.500,rb1805,3887.0,2.0,77740.0,1.0,3888.0,10.0,3887.0,38.0,3891.0,3885.0
2018-04-24 21:01:13.000,rb1805,3887.0,0.0,0.0,1.0,3888.0,9.0,3887.0,50.0,3891.0,3885.0
2018-04-24 21:01:13.500,rb1805,3888.0,20.0,777600.0,1.0,3889.0,13.0,3888.0,11.0,3891.0,3885.0
2018-04-24 21:01:14.000,rb1805,3889.0,16.0,622200.0,1.0,3890.0,319.0,3888.0,24.0,3891.0,3885.0
2018-04-24 21:01:14.500,rb1805,3889.0,0.0,0.0,1.0,3890.0,312.0,3888.0,36.0,3891.0,3885.0
2018-04-24 21:01:15.000,rb1805,3889.0,0.0,0.0,1.0,3890.0,312.0,3888.0,30.0,3891.0,3885.0
2018-04-24 21:01:15.500,rb1805,3889.0,0.0,0.0,1.0,3890.0,312.0,3888.0,35.0,3891.0,3885.0
2018-04-24 21:01:16.000,rb1805,3888.0,60.0,2332800.0,1.0,3889.0,5.0,3888.0,5.0,3891.0,3885.0
2018-04-24 21:01:16.500,rb1805,3888.0,0.0,0.0,1.0,3889.0,12.0,3888.0,6.0,3891.0,3885.0
2018-04-24 21:01:17.000,rb1805,3888.0,2.0,77760.0,1.0,3889.0,4.0,3888.0,17.0,3891.0,3885.0
2018-04-24 21:01:17.500,rb1805,3889.0,6.0,233340.0,1.0,3889.0,13.0,3888.0,5.0,3891.0,3885.0
2018-04-24 21:01:18.000,rb1805,3889.0,0.0,0.0,1.0,3889.0,13.0,3888.0,4.0,3891.0,3885.0
2018-04-24 21:01:18.500,rb1805,3889.0,0.0,0.0,1.0,3889.0,18.0,3888.0,4.0,3891.0,3885.0
2018-04-24 21:01:19.000,rb1805,3887.0,12.0,466520.0,1.0,3889.0,26.0,3887.0,51.0,3891.0,3885.0
2018-04-24 21:01:19.500,rb1805,3889.0,20.0,777700.0,1.0,3889.0,16.0,3887.0,48.0,3891.0,3885.0
2018-04-24 21:01:20.000,rb1805,3889.0,20.0,777800.0,1.0,3889.0,10.0,3887.0,56.0,3891.0,3885.0
2018-04-24 21:01:20.500,rb1805,3887.0,2.0,77740.0,1.0,3889.0,13.0,3887.0,57.0,3891.0,3885.0
2018-04-24 21:01:21.000,rb1805,3887.0,0.0,0.0,1.0,3889.0,13.0,3887.0,60.0,3891.0,3885.0
2018-04-24 21:01:21.500,rb1805,3887.0,0.0,0.0,1.0,3889.0,13.0,3887.0,110.0,3891.0,3885.0
2018-04-24 21:01:22.000,rb1805,3887.0,0.0,0.0,1.0,3890.0,311.0,3887.0,110.0,3891.0,3885.0
2018-04-24 21:01:22.500,rb1805,3887.0,0.0,0.0,1.0,3890.0,316.0,3887.0,110.0,3891.0,3885.0
2018-04-24 21:01:23.000,rb1805,3887.0,0.0,0.0,1.0,3889.0,3.0,3887.0,100.0,3891.0,3885.0
2018-04-24 21:01:23.500,rb1805,3887.0,0.0,0.0,1.0,3889.0,3.0,3887.0,100.0,3891.0,3885.0
2018-04-24 21:01:24.000,rb1805,3889.0,20.0,777800.0,1.0,3890.0,326.0,3889.0,10.0,3891.0,3885.0
2018-04-24 21:01:24.500,rb1805,3889.0,22.0,855580.0,1.0,3889.0,25.0,3887.0,105.0,3891.0,3885.0
2018-04-24 21:01:25.000,rb1805,3889.0,0.0,0.0,1.0,3889.0,40.0,3887.0,101.0,3891.0,3885.0
2018-04-24 21:01:25.500,rb1805,3889.0,0.0,0.0,1.0,3889.0,45.0,3887.0,101.0,3891.0,3885.0
2018-04-24 21:01:26.000,rb1805,3889.0,0.0,0.0,1.0,3889.0,45.0,3888.0,1.0,3891.0,3885.0
2018-04-24 21:01:26.500,rb1805,3889.0,0.0,0.0,1.0,3889.0,40.0,3888.0,2.0,3891.0,3885.0
2018-04-24 21:01:27.000,rb1805,3889.0,0.0,0.0,1.0,3889.0,41.0,3888.0,2.0,3891.0,3885.0
2018-04-24 21:01:27.500,rb1805,3889.0,20.0,777800.0,1.0,3889.0,39.0,3888.0,2.0,3891.0,3885.0
2018-04-24 21:01:28.000,rb1805,3889.0,0.0,0.0,1.0,3889.0,36.0,3888.0,4.0,3891.0,3885.0
2018-04-24 21:01:28.500,rb1805,3889.0,26.0,1011140.0,1.0,3889.0,23.0,3888.0,5.0,3891.0,3885.0
2018-04-24 21:01:29.000,rb1805,3888.0,2.0,77760.0,1.0,3889.0,23.0,3888.0,9.0,3891.0,3885.0
2018-04-24 21:01:29.500,rb1805,3888.0,0.0,0.0,1.0,3889.0,23.0,3888.0,9.0,3891.0,3885.0
2018-04-24 21:01:30.000,rb1805,3888.0,30.0,1166400.0,1.0,3889.0,23.0,3888.0,2.0,3891.0,3885.0
2018-04-24 21:01:30.500,rb1805,3888.0,0.0,0.0,1.0,3889.0,23.0,3888.0,2.0,3891.0,3885.0
2018-04-24 21:01:31.000,rb1805,3888.0,0.0,0.0,1.0,3889.0,23.0,3888.0,2.0,3891.0,3885.0
2018-04-24 21:01:31.500,rb1805,3888.0,0.0,0.0,1.0,3889.0,23.0,3888.0,2.0,3891.0,3885.0
2018-04-24 21:01:32.000,rb1805,3888.0,4.0,155540.0,1.0,3889.0,22.0,3888.0,1.0,3891.0,3885.0
2018-04-24 21:01:32.500,rb1805,3888.0,2.0,77760.0,1.0,3889.0,22.0,3887.0,89.0,3891.0,3885.0
2018-04-24 21:01:33.000,rb1805,3888.0,0.0,0.0,1.0,3889.0,5.0,3888.0,6.0,3891.0,3885.0
2018-04-24 21:01:33.500,rb1805,3888.0,10.0,388800.0,1.0,3889.0,5.0,3888.0,11.0,3891.0,3885.0
2018-04-24 21:01:34.000,rb1805,3888.0,2.0,77760.0,1.0,3889.0,5.0,3888.0,10.0,3891.0,3885.0
2018-04-24 21:01:34.500,rb1805,3888.0,0.0,0.0,1.0,3889.0,5.0,3888.0,22.0,3891.0,3885.0
2018-04-24 21:01:35.000,rb1805,3888.0,0.0,0.0,1.0,3889.0,5.0,3888.0,22.0,3891.0,3885.0
2018-04-24 21:01:35.500,rb1805,3888.0,0.0,0.0,1.0,3889.0,5.0,3888.0,24.0,3891.0,3885.0
2018-04-24 21:01:36.000,rb1805,3888.0,0.0,0.0,1.0,3889.0,6.0,3888.0,24.0,3891.0,3885.0
2018-04-24 21:01:36.500,rb1805,3888.0,0.0,0.0,1.0,3889.0,5.0,3888.0,29.0,3891.0,3885.0
2018-04-24 21:01:37.000,rb1805,3888.0,8.0,311040.0,1.0,3889.0,5.0,3888.0,25.0,3891.0,3885.0
2018-04-24 21:01:37.500,rb1805,3888.0,0.0,0.0,1.0,3889.0,5.0,3888.0,31.0,3891.0,3885.0
2018-04-24 21:01:38.000,rb1805,3889.0,12.0,466660.0,1.0,3890.0,356.0,3888.0,30.0,3891.0,3885.0
2018-04-24 21:01:38.500,rb1805,3890.0,2.0,77800.0,1.0,3890.0,350.0,3889.0,6.0,3891.0,3885.0
2018-04-24 21:01:39.000,rb1805,3890.0,0.0,0.0,1.0,3890.0,350.0,3889.0,6.0,3891.0,3885.0
2018-04-24 21:01:39.500,rb1805,3890.0,0.0,0.0,1.0,3890.0,350.0,3889.0,6.0,3891.0,3885.0
2018-04-24 21:01:40.000,rb1805,3889.0,2.0,77780.0,1.0,3890.0,350.0,3889.0,13.0,3891.0,3885.0
2018-04-24 21:01:40.500,rb1805,3889.0,0.0,0.0,1.0,3890.0,350.0,3889.0,33.0,3891.0,3885.0
2018-04-24 21:01:41.000,rb1805,3889.0,6.0,233340.0,1.0,3890.0,352.0,3889.0,30.0,3891.0,3885.0
2018-04-24 21:01:41.500,rb1805,3889.0,0.0,0.0,1.0,3890.0,352.0,3889.0,18.0,3891.0,3885.0
2018-04-24 21:01:42.000,rb1805,3889.0,0.0,0.0,1.0,3890.0,352.0,3889.0,18.0,3891.0,3885.0
2018-04-24 21:01:42.500,rb1805,3889.0,0.0,0.0,1.0,3890.0,352.0,3889.0,29.0,3891.0,3885.0
2018-04-24 21:01:43.000,rb1805,3889.0,0.0,0.0,1.0,3890.0,352.0,3889.0,17.0,3891.0,3885.0
2018-04-24 21:01:43.500,rb1805,3890.0,2.0,77800.0,1.0,3890.0,352.0,3889.0,17.0,3891.0,3885.0
2018-04-24 21:01:44.000,rb1805,3889.0,10.0,388900.0,1.0,3890.0,353.0,3889.0,12.0,3891.0,3885.0
2018-04-24 21:01:44.500,rb1805,3889.0,4.0,155560.0,1.0,3890.0,358.0,3889.0,3.0,3891.0,3885.0
2018-04-24 21:01:45.000,rb1805,3889.0,6.0,233340.0,1.0,3889.0,12.0,3888.0,30.0,3891.0,3885.0
2018-04-24 21:01:45.500,rb1805,3889.0,0.0,0.0,1.0,3889.0,35.0,3888.0,13.0,3891.0,3885.0
2018-04-24 21:01:46.000,rb1805,3888.0,16.0,622080.0,1.0,3889.0,35.0,3888.0,5.0,3891.0,3885.0
2018-04-24 21:01:46.500,rb1805,3888.0,2.0,77760.0,1.0,3889.0,35.0,3888.0,4.0,3891.0,3885.0
2018-04-24 21:01:47.000,rb1805,3888.0,8.0,311040.0,1.0,3889.0,36.0,3887.0,96.0,3891.0,3885.0
2018-04-24 21:01:47.500,rb1805,3888.0,0.0,0.0,1.0,3888.0,9.0,3887.0,95.0,3891.0,3885.0
2018-04-24 21:01:48.000,rb1805,3888.0,2.0,77760.0,1.0,3888.0,8.0,3887.0,95.0,3891.0,3885.0
2018-04-24 21:01:48.500,rb1805,3888.0,0.0,0.0,1.0,3888.0,8.0,3887.0,95.0,3891.0,3885.0
2018-04-24 21:01:49.000,rb1805,3888.0,4.0,155520.0,1.0,3888.0,8.0,3887.0,95.0,3891.0,3885.0
2018-04-24 21:01:49.500,rb1805,3888.0,0.0,0.0,1.0,3888.0,8.0,3887.0,97.0,3891.0,3885.0
2018-04-24 21:01:50.000,rb1805,3888.0,0.0,0.0,1.0,3888.0,8.0,3887.0,105.0,3891.0,3885.0
2018-04-24 21:01:50.500,rb1805,3888.0,0.0,0.0,1.0,3888.0,7.0,3887.0,105.0,3891.0,3885.0
2018-04-24 21:01:51.000,rb1805,3888.0,14.0,544320.0,1.0,3889.0,36.0,3887.0,108.0,3891.0,3885.0
2018-04-24 21:01:51.500,rb1805,3887.0,100.0,3887000.0,1.0,3889.0,35.0,3887.0,58.0,3891.0,3885.0
2018-04-24 21:01:52.000,rb1805,3887.0,0.0,0.0,1.0,3889.0,35.0,3887.0,71.0,3891.0,3885.0
2018-04-24 21:01:52.500,rb1805,3887.0,0.0,0.0,1.0,3889.0,35.0,3887.0,71.0,3891.0,3885.0
2018-04-24 21:01:53.000,rb1805,3887.0,0.0,0.0,1.0,3889.0,35.0,3888.0,9.0,3891.0,3885.0
2018-04-24 21:01:53.500,rb1805,3887.0,2.0,77740.0,1.0,3889.0,35.0,3888.0,8.0,3891.0,3885.0
2018-04-24 21:01:54.000,rb1805,3887.0,0.0,0.0,1.0,3889.0,35.0,3888.0,8.0,3891.0,3885.0
2018-04-24 21:01:54.500,rb1805,3887.0,0.0,0.0,1.0,3889.0,35.0,3888.0,8.0,3891.0,3885.0
2018-04-24 21:01:55.000,rb1805,3888.0,2.0,77760.0,1.0,3889.0,36.0,3888.0,7.0,3891.0,3885.0
2018-04-24 21:01:55.500,rb1805,3889.0,2.0,77780.0,1.0,3889.0,35.0,3888.0,7.0,3891.0,3885.0
2018-04-24 21:01:56.000,rb1805,3889.0,0.0,0.0,1.0,3889.0,35.0,3888.0,10.0,3891.0,3885.0
2018-04-24 21:01:56.500,rb1805,3889.0,0.0,0.0,1.0,3889.0,35.0,3888.0,10.0,3891.0,3885.0
2018-04-24 21:01:57.000,rb1805,3888.0,2.0,77760.0,1.0,3889.0,29.0,3888.0,14.0,3891.0,3885.0
2018-04-24 21:01:57.500,rb1805,3888.0,2.0,77760.0,1.0,3889.0,28.0,3888.0,13.0,3891.0,3885.0
2018-04-24 21:01:58.000,rb1805,3888.0,0.0,0.0,1.0,3889.0,31.0,3888.0,8.0,3891.0,3885.0
2018-04-24 21:01:58.500,rb1805,3888.0,0.0,0.0,1.0,3889.0,31.0,3888.0,9.0,3891.0,3885.0
2018-04-24 21:01:59.000,rb1805,3888.0,0.0,0.0,1.0,3889.0,31.0,3888.0,9.0,3891.0,3885.0
2018-04-24 21:01:59.500,rb1805,3888.0,0.0,0.0,1.0,3889.0,31.0,3888.0,9.0,3891.0,3885.0
2018-04-24 21:02:00.000,rb1805,3888.0,0.0,0.0,1.0,3889.0,32.0,3888.0,8.0,3891.0,3885.0
2018-04-24 21:02:00.500,rb1805,3888.0,0.0,0.0,1.0,3889.0,32.0,3888.0,8.0,3891.0,3885.0
2018-04-24 21:02:01.000,rb1805,3889.0,2.0,77780.0,1.0,3889.0,31.0,3888.0,8.0,3891.0,3885.0
2018-04-24 21:02:01.500,rb1805,3889.0,0.0,0.0,1.0,3889.0,31.0,3888.0,8.0,3891.0,3885.0
2018-04-24 21:02:02.000,rb1805,3889.0,0.0,0.0,1.0,3889.0,31.0,3888.0,8.0,3891.0,3885.0
2018-04-24 21:02:02.500,rb1805,3889.0,0.0,0.0,1.0,3889.0,31.0,3888.0,8.0,3891.0,3885.0
2018-04-24 21:02:03.000,rb1805,3888.0,2.0,77760.0,1.0,3889.0,31.0,3888.0,7.0,3891.0,3885.0
2018-04-24 21:02:03.500,rb1805,3888.0,0.0,0.0,1.0,3889.0,31.0,3888.0,7.0,3891.0,3885.0
2018-04-24 21:02:04.000,rb1805,3888.0,2.0,77760.0,1.0,3889.0,31.0,3888.0,6.0,3891.0,3885.0
2018-04-24 21:02:04.500,rb1805,3888.0,0.0,0.0,1.0,3889.0,31.0,3888.0,6.0,3891.0,3885.0
2018-04-24 21:02:05.000,rb1805,3888.0,0.0,0.0,1.0,3889.0,31.0,3888.0,16.0,3891.0,3885.0
2018-04-24 21:02:05.500,rb1805,3888.0,0.0,0.0,1.0,3889.0,28.0,3888.0,16.0,3891.0,3885.0
2018-04-24 21:02:06.000,rb1805,3888.0,0.0,0.0,1.0,3889.0,28.0,3888.0,19.0,3891.0,3885.0
2018-04-24 21:02:06.500,rb1805,3888.0,0.0,0.0,1.0,3889.0,28.0,3888.0,21.0,3891.0,3885.0
2018-04-24 21:02:07.000,rb1805,3888.0,10.0,388800.0,1.0,3889.0,28.0,3888.0,16.0,3891.0,3885.0
2018-04-24 21:02:07.500,rb1805,3889.0,2.0,77780.0,1.0,3889.0,27.0,3888.0,15.0,3891.0,3885.0
2018-04-24 21:02:08.000,rb1805,3889.0,0.0,0.0,1.0,3889.0,27.0,3888.0,16.0,3891.0,3885.0
2018-04-24 21:02:08.500,rb1805,3889.0,0.0,0.0,1.0,3889.0,27.0,3888.0,18.0,3891.0,3885.0
2018-04-24 21:02:09.000,rb1805,3889.0,32.0,1244480.0,1.0,3890.0,367.0,3889.0,11.0,3891.0,3885.0
2018-04-24 21:02:09.500,rb1805,3889.0,0.0,0.0,1.0,3890.0,363.0,3889.0,11.0,3891.0,3885.0
2018-04-24 21:02:10.000,rb1805,3889.0,0.0,0.0,1.0,3890.0,363.0,3889.0,11.0,3891.0,3885.0
2018-04-24 21:02:10.500,rb1805,3889.0,2.0,77780.0,1.0,3890.0,363.0,3889.0,10.0,3891.0,3885.0
2018-04-24 21:02:11.000,rb1805,3889.0,4.0,155560.0,1.0,3890.0,363.0,3889.0,9.0,3891.0,3885.0
2018-04-24 21:02:11.500,rb1805,3889.0,0.0,0.0,1.0,3890.0,363.0,3889.0,9.0,3891.0,3885.0
2018-04-24 21:02:12.000,rb1805,3889.0,2.0,77780.0,1.0,3890.0,363.0,3889.0,8.0,3891.0,3885.0
2018-04-24 21:02:12.500,rb1805,3889.0,2.0,77780.0,1.0,3890.0,363.0,3889.0,15.0,3891.0,3885.0
2018-04-24 21:02:13.000,rb1805,3889.0,0.0,0.0,1.0,3890.0,363.0,3889.0,21.0,3891.0,3885.0
2018-04-24 21:02:13.500,rb1805,3889.0,0.0,0.0,1.0,3890.0,353.0,3889.0,31.0,3891.0,3885.0
2018-04-24 21:02:14.000,rb1805,3890.0,36.0,1400400.0,1.0,3890.0,335.0,3889.0,31.0,3891.0,3885.0
2018-04-24 21:02:14.500,rb1805,3890.0,40.0,1556000.0,1.0,3890.0,315.0,3889.0,31.0,3891.0,3885.0
2018-04-24 21:02:15.000,rb1805,3890.0,240.0,9336000.0,1.0,3890.0,195.0,3889.0,31.0,3891.0,3885.0
2018-04-24 21:02:15.500,rb1805,3890.0,398.0,15482200.0,1.0,3891.0,41.0,3890.0,7.0,3891.0,3885.0
2018-04-24 21:02:16.000,rb1805,3890.0,48.0,1867660.0,1.0,3891.0,13.0,3890.0,53.0,3891.0,3885.0
2018-04-24 21:02:16.500,rb1805,3891.0,28.0,1089480.0,1.0,3892.0,33.0,3891.0,11.0,3891.0,3885.0
2018-04-24 21:02:17.000,rb1805,3892.0,30.0,1167600.0,1.0,3892.0,18.0,3891.0,31.0,3892.0,3885.0
2018-04-24 21:02:17.500,rb1805,3892.0,30.0,1167600.0,1.0,3892.0,3.0,3891.0,34.0,3892.0,3885.0
2018-04-24 21:02:18.000,rb1805,3892.0,6.0,233520.0,1.0,3893.0,30.0,3892.0,18.0,3892.0,3885.0
2018-04-24 21:02:18.500,rb1805,3893.0,8.0,311440.0,1.0,3893.0,26.0,3892.0,14.0,3893.0,3885.0
2018-04-24 21:02:19.000,rb1805,3893.0,0.0,0.0,1.0,3893.0,26.0,3892.0,17.0,3893.0,3885.0
2018-04-24 21:02:19.500,rb1805,3893.0,0.0,0.0,1.0,3893.0,27.0,3892.0,17.0,3893.0,3885.0
2018-04-24 21:02:20.000,rb1805,3892.0,2.0,77840.0,1.0,3893.0,27.0,3892.0,19.0,3893.0,3885.0
2018-04-24 21:02:20.500,rb1805,3893.0,14.0,545020.0,1.0,3893.0,20.0,3892.0,28.0,3893.0,3885.0
2018-04-24 21:02:21.000,rb1805,3893.0,0.0,0.0,1.0,3893.0,20.0,3892.0,26.0,3893.0,3885.0
2018-04-24 21:02:21.500,rb1805,3893.0,2.0,77860.0,1.0,3893.0,24.0,3892.0,28.0,3893.0,3885.0
2018-04-24 21:02:22.000,rb1805,3892.0,28.0,1089760.0,1.0,3893.0,29.0,3892.0,2.0,3893.0,3885.0
2018-04-24 21:02:22.500,rb1805,3892.0,4.0,155680.0,1.0,3893.0,40.0,3891.0,18.0,3893.0,3885.0
2018-04-24 21:02:23.000,rb1805,3892.0,2.0,77840.0,1.0,3892.0,3.0,3891.0,18.0,3893.0,3885.0
2018-04-24 21:02:23.500,rb1805,3892.0,0.0,0.0,1.0,3893.0,40.0,3891.0,18.0,3893.0,3885.0
2018-04-24 21:02:24.000,rb1805,3892.0,2.0,77840.0,1.0,3893.0,40.0,3891.0,18.0,3893.0,3885.0
2018-04-24 21:02:24.500,rb1805,3892.0,0.0,0.0,1.0,3892.0,2.0,3891.0,17.0,3893.0,3885.0
2018-04-24 21:02:25.000,rb1805,3892.0,0.0,0.0,1.0,3892.0,2.0,3891.0,21.0,3893.0,3885.0
2018-04-24 21:02:25.500,rb1805,3892.0,2.0,77840.0,1.0,3892.0,1.0,3891.0,24.0,3893.0,3885.0
2018-04-24 21:02:26.000,rb1805,3892.0,0.0,0.0,1.0,3893.0,40.0,3891.0,24.0,3893.0,3885.0
2018-04-24 21:02:26.500,rb1805,3892.0,0.0,0.0,1.0,3893.0,40.0,3892.0,2.0,3893.0,3885.0
2018-04-24 21:02:27.000,rb1805,3892.0,0.0,0.0,1.0,3893.0,35.0,3892.0,6.0,3893.0,3885.0
2018-04-24 21:02:27.500,rb1805,3892.0,2.0,77840.0,1.0,3893.0,34.0,3892.0,5.0,3893.0,3885.0
2018-04-24 21:02:28.000,rb1805,3892.0,0.0,0.0,1.0,3893.0,34.0,3892.0,5.0,3893.0,3885.0
2018-04-24 21:02:28.500,rb1805,3893.0,40.0,1557200.0,1.0,3893.0,14.0,3892.0,5.0,3893.0,3885.0
2018-04-24 21:02:29.000,rb1805,3893.0,0.0,0.0,1.0,3893.0,8.0,3892.0,13.0,3893.0,3885.0
2018-04-24 21:02:29.500,rb1805,3893.0,0.0,0.0,1.0,3893.0,1.0,3892.0,13.0,3893.0,3885.0
2018-04-24 21:02:30.000,rb1805,3893.0,2.0,77860.0,1.0,3894.0,30.0,3893.0,23.0,3893.0,3885.0
2018-04-24 21:02:30.500,rb1805,3893.0,46.0,1790780.0,1.0,3894.0,31.0,3892.0,18.0,3893.0,3885.0
2018-04-24 21:02:31.000,rb1805,3893.0,0.0,0.0,1.0,3894.0,31.0,3892.0,18.0,3893.0,3885.0
2018-04-24 21:02:31.500,rb1805,3893.0,0.0,0.0,1.0,3893.0,1.0,3892.0,18.0,3893.0,3885.0
2018-04-24 21:02:32.000,rb1805,3893.0,2.0,77860.0,1.0,3894.0,32.0,3893.0,1.0,3893.0,3885.0
2018-04-24 21:02:32.500,rb1805,3894.0,78.0,3037320.0,1.0,3894.0,1.0,3893.0,6.0,3894.0,3885.0
2018-04-24 21:02:33.000,rb1805,3894.0,4.0,155760.0,1.0,3895.0,44.0,3893.0,30.0,3894.0,3885.0
2018-04-24 21:02:33.500,rb1805,3895.0,20.0,779000.0,1.0,3895.0,35.0,3894.0,1.0,3895.0,3885.0
2018-04-24 21:02:34.000,rb1805,3895.0,42.0,1635880.0,1.0,3895.0,22.0,3894.0,4.0,3895.0,3885.0
2018-04-24 21:02:34.500,rb1805,3895.0,0.0,0.0,1.0,3895.0,19.0,3894.0,8.0,3895.0,3885.0
2018-04-24 21:02:35.000,rb1805,3895.0,0.0,0.0,1.0,3895.0,16.0,3894.0,21.0,3895.0,3885.0
2018-04-24 21:02:35.500,rb1805,3895.0,2.0,77900.0,1.0,3895.0,15.0,3894.0,30.0,3895.0,3885.0
2018-04-24 21:02:36.000,rb1805,3895.0,0.0,0.0,1.0,3895.0,16.0,3894.0,30.0,3895.0,3885.0
2018-04-24 21:02:36.500,rb1805,3895.0,26.0,1012700.0,1.0,3895.0,3.0,3894.0,30.0,3895.0,3885.0
2018-04-24 21:02:37.000,rb1805,3895.0,6.0,233700.0,1.0,3896.0,34.0,3895.0,2.0,3895.0,3885.0
2018-04-24 21:02:37.500,rb1805,3895.0,0.0,0.0,1.0,3896.0,40.0,3895.0,3.0,3895.0,3885.0
2018-04-24 21:02:38.000,rb1805,3895.0,0.0,0.0,1.0,3896.0,40.0,3895.0,5.0,3895.0,3885.0
2018-04-24 21:02:38.500,rb1805,3895.0,44.0,1713800.0,1.0,3896.0,45.0,3895.0,3.0,3895.0,3885.0
2018-04-24 21:02:39.000,rb1805,3896.0,66.0,2571260.0,1.0,3896.0,17.0,3894.0,30.0,3896.0,3885.0
2018-04-24 21:02:39.500,rb1805,3895.0,10.0,389580.0,1.0,3896.0,7.0,3895.0,1.0,3896.0,3885.0
2018-04-24 21:02:40.000,rb1805,3896.0,2.0,77920.0,1.0,3896.0,9.0,3895.0,17.0,3896.0,3885.0
2018-04-24 21:02:40.500,rb1805,3896.0,4.0,155840.0,1.0,3896.0,4.0,3895.0,17.0,3896.0,3885.0
2018-04-24 21:02:41.000,rb1805,3896.0,0.0,0.0,1.0,3896.0,4.0,3895.0,19.0,3896.0,3885.0
2018-04-24 21:02:41.500,rb1805,3896.0,0.0,0.0,1.0,3896.0,4.0,3895.0,19.0,3896.0,3885.0
2018-04-24 21:02:42.000,rb1805,3896.0,4.0,155840.0,1.0,3896.0,22.0,3895.0,19.0,3896.0,3885.0
2018-04-24 21:02:42.500,rb1805,3896.0,10.0,389600.0,1.0,3896.0,20.0,3895.0,18.0,3896.0,3885.0
2018-04-24 21:02:43.000,rb1805,3896.0,2.0,77920.0,1.0,3896.0,25.0,3895.0,18.0,3896.0,3885.0
2018-04-24 21:02:43.500,rb1805,3896.0,0.0,0.0,1.0,3896.0,26.0,3895.0,18.0,3896.0,3885.0
2018-04-24 21:02:44.000,rb1805,3896.0,6.0,233760.0,1.0,3896.0,24.0,3895.0,18.0,3896.0,3885.0
2018-04-24 21:02:44.500,rb1805,3896.0,2.0,77920.0,1.0,3896.0,23.0,3895.0,18.0,3896.0,3885.0
2018-04-24 21:02:45.000,rb1805,3895.0,34.0,1324300.0,1.0,3895.0,1.0,3894.0,27.0,3896.0,3885.0
2018-04-24 21:02:45.500,rb1805,3895.0,0.0,0.0,1.0,3895.0,1.0,3894.0,27.0,3896.0,3885.0
2018-04-24 21:02:46.000,rb1805,3895.0,0.0,0.0,1.0,3895.0,11.0,3894.0,27.0,3896.0,3885.0
2018-04-24 21:02:46.500,rb1805,3895.0,0.0,0.0,1.0,3895.0,12.0,3894.0,24.0,3896.0,3885.0
2018-04-24 21:02:47.000,rb1805,3894.0,2.0,77880.0,1.0,3895.0,14.0,3894.0,23.0,3896.0,3885.0
2018-04-24 21:02:47.500,rb1805,3895.0,2.0,77900.0,1.0,3895.0,13.0,3894.0,23.0,3896.0,3885.0
2018-04-24 21:02:48.000,rb1805,3895.0,2.0,77900.0,1.0,3895.0,17.0,3894.0,23.0,3896.0,3885.0
2018-04-24 21:02:48.500,rb1805,3895.0,2.0,77900.0,1.0,3895.0,16.0,3894.0,23.0,3896.0,3885.0
2018-04-24 21:02:49.000,rb1805,3895.0,2.0,77900.0,1.0,3895.0,15.0,3894.0,23.0,3896.0,3885.0
2018-04-24 21:02:49.500,rb1805,3895.0,0.0,0.0,1.0,3895.0,15.0,3894.0,23.0,3896.0,3885.0
2018-04-24 21:02:50.000,rb1805,3895.0,0.0,0.0,1.0,3895.0,16.0,3894.0,23.0,3896.0,3885.0
2018-04-24 21:02:50.500,rb1805,3895.0,10.0,389500.0,1.0,3895.0,11.0,3894.0,23.0,3896.0,3885.0
2018-04-24 21:02:51.000,rb1805,3895.0,6.0,233700.0,1.0,3895.0,9.0,3894.0,23.0,3896.0,3885.0
2018-04-24 21:02:51.500,rb1805,3895.0,0.0,0.0,1.0,3895.0,10.0,3894.0,23.0,3896.0,3885.0
2018-04-24 21:02:52.000,rb1805,3895.0,0.0,0.0,1.0,3895.0,10.0,3894.0,23.0,3896.0,3885.0
2018-04-24 21:02:52.500,rb1805,3895.0,0.0,0.0,1.0,3895.0,10.0,3894.0,23.0,3896.0,3885.0
2018-04-24 21:02:53.000,rb1805,3895.0,0.0,0.0,1.0,3895.0,8.0,3894.0,23.0,3896.0,3885.0
2018-04-24 21:02:53.500,rb1805,3895.0,0.0,0.0,1.0,3895.0,11.0,3894.0,23.0,3896.0,3885.0
2018-04-24 21:02:54.000,rb1805,3895.0,0.0,0.0,1.0,3895.0,14.0,3894.0,23.0,3896.0,3885.0
2018-04-24 21:02:54.500,rb1805,3895.0,0.0,0.0,1.0,3895.0,14.0,3894.0,23.0,3896.0,3885.0
2018-04-24 21:02:55.000,rb1805,3895.0,0.0,0.0,1.0,3895.0,12.0,3894.0,23.0,3896.0,3885.0
2018-04-24 21:02:55.500,rb1805,3895.0,6.0,233700.0,1.0,3895.0,10.0,3894.0,23.0,3896.0,3885.0
2018-04-24 21:02:56.000,rb1805,3895.0,0.0,0.0,1.0,3895.0,12.0,3894.0,23.0,3896.0,3885.0
2018-04-24 21:02:56.500,rb1805,3895.0,10.0,389500.0,1.0,3895.0,7.0,3894.0,32.0,3896.0,3885.0
2018-04-24 21:02:57.000,rb1805,3895.0,0.0,0.0,1.0,3895.0,8.0,3894.0,32.0,3896.0,3885.0
2018-04-24 21:02:57.500,rb1805,3894.0,4.0,155760.0,1.0,3895.0,8.0,3894.0,30.0,3896.0,3885.0
2018-04-24 21:02:58.000,rb1805,3894.0,0.0,0.0,1.0,3895.0,8.0,3894.0,27.0,3896.0,3885.0
2018-04-24 21:02:58.500,rb1805,3894.0,2.0,77880.0,1.0,3895.0,19.0,3894.0,18.0,3896.0,3885.0
2018-04-24 21:02:59.000,rb1805,3895.0,4.0,155800.0,1.0,3895.0,24.0,3894.0,8.0,3896.0,3885.0
2018-04-24 21:02:59.500,rb1805,3894.0,16.0,623040.0,1.0,3894.0,3.0,3893.0,36.0,3896.0,3885.0
2018-04-24 21:03:00.000,rb1805,3894.0,0.0,0.0,1.0,3894.0,7.0,3893.0,27.0,3896.0,3885.0
2018-04-24 21:03:00.500,rb1805,3894.0,0.0,0.0,1.0,3894.0,7.0,3893.0,15.0,3896.0,3885.0
2018-04-24 21:03:01.000,rb1805,3894.0,0.0,0.0,1.0,3894.0,7.0,3893.0,15.0,3896.0,3885.0
2018-04-24 21:03:01.500,rb1805,3894.0,10.0,389400.0,1.0,3895.0,27.0,3893.0,15.0,3896.0,3885.0
2018-04-24 21:03:02.000,rb1805,3894.0,0.0,0.0,1.0,3895.0,27.0,3893.0,16.0,3896.0,3885.0
2018-04-24 21:03:02.500,rb1805,3894.0,0.0,0.0,1.0,3895.0,29.0,3893.0,16.0,3896.0,3885.0
2018-04-24 21:03:03.000,rb1805,3894.0,0.0,0.0,1.0,3895.0,22.0,3894.0,1.0,3896.0,3885.0
2018-04-24 21:03:03.500,rb1805,3894.0,0.0,0.0,1.0,3895.0,23.0,3894.0,10.0,3896.0,3885.0
2018-04-24 21:03:04.000,rb1805,3894.0,0.0,0.0,1.0,3895.0,21.0,3894.0,16.0,3896.0,3885.0
2018-04-24 21:03:04.500,rb1805,3894.0,0.0,0.0,1.0,3895.0,20.0,3894.0,31.0,3896.0,3885.0
2018-04-24 21:03:05.000,rb1805,3894.0,4.0,155760.0,1.0,3895.0,29.0,3894.0,34.0,3896.0,3885.0
2018-04-24 21:03:05.500,rb1805,3894.0,0.0,0.0,1.0,3895.0,29.0,3894.0,34.0,3896.0,3885.0
2018-04-24 21:03:06.000,rb1805,3895.0,2.0,77900.0,1.0,3895.0,20.0,3894.0,33.0,3896.0,3885.0
2018-04-24 21:03:06.500,rb1805,3894.0,22.0,856680.0,1.0,3895.0,20.0,3894.0,25.0,3896.0,3885.0
2018-04-24 21:03:07.000,rb1805,3894.0,2.0,77880.0,1.0,3895.0,20.0,3894.0,24.0,3896.0,3885.0
2018-04-24 21:03:07.500,rb1805,3894.0,0.0,0.0,1.0,3895.0,20.0,3894.0,25.0,3896.0,3885.0
2018-04-24 21:03:08.000,rb1805,3894.0,0.0,0.0,1.0,3895.0,20.0,3894.0,33.0,3896.0,3885.0
2018-04-24 21:03:08.500,rb1805,3894.0,38.0,1480080.0,1.0,3895.0,2.0,3894.0,32.0,3896.0,3885.0
2018-04-24 21:03:09.000,rb1805,3895.0,4.0,155800.0,1.0,3896.0,25.0,3895.0,20.0,3896.0,3885.0
2018-04-24 21:03:09.500,rb1805,3895.0,0.0,0.0,1.0,3896.0,22.0,3895.0,24.0,3896.0,3885.0
2018-04-24 21:03:10.000,rb1805,3896.0,44.0,1714240.0,1.0,3897.0,40.0,3895.0,24.0,3896.0,3885.0
2018-04-24 21:03:10.500,rb1805,3896.0,0.0,0.0,1.0,3897.0,40.0,3896.0,1.0,3896.0,3885.0
2018-04-24 21:03:11.000,rb1805,3896.0,2.0,77920.0,1.0,3897.0,57.0,3895.0,24.0,3896.0,3885.0
2018-04-24 21:03:11.500,rb1805,3897.0,2.0,77940.0,1.0,3897.0,47.0,3895.0,24.0,3897.0,3885.0
2018-04-24 21:03:12.000,rb1805,3897.0,8.0,311640.0,1.0,3897.0,46.0,3895.0,21.0,3897.0,3885.0
2018-04-24 21:03:12.500,rb1805,3897.0,0.0,0.0,1.0,3897.0,46.0,3895.0,21.0,3897.0,3885.0
2018-04-24 21:03:13.000,rb1805,3897.0,2.0,77940.0,1.0,3896.0,1.0,3895.0,21.0,3897.0,3885.0
2018-04-24 21:03:13.500,rb1805,3896.0,2.0,77920.0,1.0,3897.0,42.0,3895.0,21.0,3897.0,3885.0
2018-04-24 21:03:14.000,rb1805,3895.0,6.0,233700.0,1.0,3896.0,5.0,3895.0,18.0,3897.0,3885.0
2018-04-24 21:03:14.500,rb1805,3896.0,16.0,623360.0,1.0,3896.0,4.0,3895.0,17.0,3897.0,3885.0
2018-04-24 21:03:15.000,rb1805,3895.0,104.0,4052720.0,1.0,3897.0,1.0,3895.0,13.0,3897.0,3885.0
2018-04-24 21:03:15.500,rb1805,3895.0,0.0,0.0,1.0,3897.0,2.0,3896.0,2.0,3897.0,3885.0
2018-04-24 21:03:16.000,rb1805,3897.0,2.0,77940.0,1.0,3897.0,2.0,3896.0,17.0,3897.0,3885.0
2018-04-24 21:03:16.500,rb1805,3897.0,0.0,0.0,1.0,3897.0,1.0,3896.0,20.0,3897.0,3885.0
2018-04-24 21:03:17.000,rb1805,3897.0,0.0,0.0,1.0,3897.0,1.0,3896.0,20.0,3897.0,3885.0
2018-04-24 21:03:17.500,rb1805,3896.0,4.0,155860.0,1.0,3898.0,65.0,3896.0,7.0,3897.0,3885.0
2018-04-24 21:03:18.000,rb1805,3895.0,20.0,779160.0,1.0,3897.0,12.0,3895.0,24.0,3897.0,3885.0
2018-04-24 21:03:18.500,rb1805,3897.0,2.0,77940.0,1.0,3897.0,12.0,3895.0,240.0,3897.0,3885.0
2018-04-24 21:03:19.000,rb1805,3897.0,2.0,77940.0,1.0,3897.0,8.0,3896.0,12.0,3897.0,3885.0
2018-04-24 21:03:19.500,rb1805,3896.0,10.0,389640.0,1.0,3897.0,5.0,3896.0,19.0,3897.0,3885.0
2018-04-24 21:03:20.000,rb1805,3896.0,0.0,0.0,1.0,3897.0,5.0,3896.0,20.0,3897.0,3885.0
2018-04-24 21:03:20.500,rb1805,3897.0,2.0,77940.0,1.0,3897.0,4.0,3896.0,20.0,3897.0,3885.0
2018-04-24 21:03:21.000,rb1805,3897.0,0.0,0.0,1.0,3897.0,4.0,3896.0,20.0,3897.0,3885.0
2018-04-24 21:03:21.500,rb1805,3897.0,2.0,77940.0,1.0,3897.0,13.0,3896.0,21.0,3897.0,3885.0
2018-04-24 21:03:22.000,rb1805,3896.0,2.0,77920.0,1.0,3897.0,13.0,3896.0,20.0,3897.0,3885.0
2018-04-24 21:03:22.500,rb1805,3897.0,2.0,77940.0,1.0,3897.0,12.0,3896.0,20.0,3897.0,3885.0
2018-04-24 21:03:23.000,rb1805,3897.0,2.0,77940.0,1.0,3897.0,11.0,3896.0,20.0,3897.0,3885.0
2018-04-24 21:03:23.500,rb1805,3897.0,2.0,77940.0,1.0,3897.0,10.0,3896.0,20.0,3897.0,3885.0
2018-04-24 21:03:24.000,rb1805,3897.0,20.0,779400.0,1.0,3897.0,2.0,3896.0,20.0,3897.0,3885.0
2018-04-24 21:03:24.500,rb1805,3897.0,4.0,155880.0,1.0,3898.0,82.0,3897.0,4.0,3897.0,3885.0
2018-04-24 21:03:25.000,rb1805,3896.0,10.0,389680.0,1.0,3898.0,85.0,3896.0,14.0,3897.0,3885.0
2018-04-24 21:03:25.500,rb1805,3896.0,0.0,0.0,1.0,3898.0,85.0,3896.0,14.0,3897.0,3885.0
2018-04-24 21:03:26.000,rb1805,3896.0,10.0,389600.0,1.0,3898.0,80.0,3896.0,9.0,3897.0,3885.0
2018-04-24 21:03:26.500,rb1805,3896.0,0.0,0.0,1.0,3898.0,75.0,3896.0,22.0,3897.0,3885.0
2018-04-24 21:03:27.000,rb1805,3898.0,12.0,467760.0,1.0,3898.0,69.0,3897.0,1.0,3898.0,3885.0
2018-04-24 21:03:27.500,rb1805,3897.0,2.0,77940.0,1.0,3898.0,81.0,3896.0,26.0,3898.0,3885.0
2018-04-24 21:03:28.000,rb1805,3897.0,2.0,77940.0,1.0,3898.0,81.0,3896.0,26.0,3898.0,3885.0
2018-04-24 21:03:28.500,rb1805,3897.0,2.0,77940.0,1.0,3898.0,81.0,3896.0,26.0,3898.0,3885.0
2018-04-24 21:03:29.000,rb1805,3897.0,0.0,0.0,1.0,3898.0,71.0,3897.0,1.0,3898.0,3885.0
2018-04-24 21:03:29.500,rb1805,3897.0,2.0,77940.0,1.0,3898.0,81.0,3896.0,37.0,3898.0,3885.0
2018-04-24 21:03:30.000,rb1805,3897.0,0.0,0.0,1.0,3898.0,81.0,3896.0,37.0,3898.0,3885.0
2018-04-24 21:03:30.500,rb1805,3897.0,0.0,0.0,1.0,3898.0,81.0,3896.0,37.0,3898.0,3885.0
2018-04-24 21:03:31.000,rb1805,3897.0,0.0,0.0,1.0,3898.0,82.0,3896.0,37.0,3898.0,3885.0
2018-04-24 21:03:31.500,rb1805,3898.0,110.0,4287800.0,1.0,3898.0,17.0,3896.0,37.0,3898.0,3885.0
2018-04-24 21:03:32.000,rb1805,3898.0,0.0,0.0,1.0,3898.0,20.0,3897.0,5.0,3898.0,3885.0
2018-04-24 21:03:32.500,rb1805,3898.0,2.0,77960.0,1.0,3898.0,19.0,3897.0,11.0,3898.0,3885.0
2018-04-24 21:03:33.000,rb1805,3898.0,4.0,155920.0,1.0,3898.0,17.0,3897.0,25.0,3898.0,3885.0
2018-04-24 21:03:33.500,rb1805,3898.0,2.0,77960.0,1.0,3898.0,16.0,3897.0,25.0,3898.0,3885.0
2018-04-24 21:03:34.000,rb1805,3898.0,0.0,0.0,1.0,3898.0,16.0,3897.0,26.0,3898.0,3885.0
2018-04-24 21:03:34.500,rb1805,3898.0,0.0,0.0,1.0,3898.0,17.0,3897.0,30.0,3898.0,3885.0
2018-04-24 21:03:35.000,rb1805,3898.0,0.0,0.0,1.0,3898.0,18.0,3897.0,30.0,3898.0,3885.0
2018-04-24 21:03:35.500,rb1805,3898.0,0.0,0.0,1.0,3898.0,18.0,3897.0,30.0,3898.0,3885.0
2018-04-24 21:03:36.000,rb1805,3898.0,0.0,0.0,1.0,3898.0,23.0,3897.0,30.0,3898.0,3885.0
2018-04-24 21:03:36.500,rb1805,3898.0,6.0,233880.0,1.0,3898.0,21.0,3897.0,30.0,3898.0,3885.0
2018-04-24 21:03:37.000,rb1805,3899.0,142.0,5536160.0,1.0,3899.0,10.0,3897.0,30.0,3899.0,3885.0
2018-04-24 21:03:37.500,rb1805,3897.0,2.0,77940.0,1.0,3899.0,11.0,3897.0,30.0,3899.0,3885.0
2018-04-24 21:03:38.000,rb1805,3897.0,2.0,77940.0,1.0,3899.0,11.0,3898.0,20.0,3899.0,3885.0
2018-04-24 21:03:38.500,rb1805,3898.0,22.0,857560.0,1.0,3899.0,14.0,3898.0,12.0,3899.0,3885.0
2018-04-24 21:03:39.000,rb1805,3899.0,26.0,1013720.0,1.0,3899.0,24.0,3898.0,11.0,3899.0,3885.0
2018-04-24 21:03:39.500,rb1805,3899.0,2.0,77980.0,1.0,3899.0,26.0,3898.0,11.0,3899.0,3885.0
2018-04-24 21:03:40.000,rb1805,3899.0,20.0,779800.0,1.0,3899.0,18.0,3898.0,11.0,3899.0,3885.0
2018-04-24 21:03:40.500,rb1805,3898.0,4.0,155920.0,1.0,3899.0,14.0,3898.0,10.0,3899.0,3885.0
2018-04-24 21:03:41.000,rb1805,3898.0,2.0,77960.0,1.0,3899.0,14.0,3898.0,9.0,3899.0,3885.0
2018-04-24 21:03:41.500,rb1805,3899.0,2.0,77980.0,1.0,3899.0,13.0,3898.0,25.0,3899.0,3885.0
2018-04-24 21:03:42.000,rb1805,3899.0,4.0,155960.0,1.0,3899.0,8.0,3898.0,28.0,3899.0,3885.0
2018-04-24 21:03:42.500,rb1805,3899.0,2.0,77980.0,1.0,3899.0,20.0,3898.0,28.0,3899.0,3885.0
2018-04-24 21:03:43.000,rb1805,3899.0,0.0,0.0,1.0,3899.0,20.0,3898.0,27.0,3899.0,3885.0
2018-04-24 21:03:43.500,rb1805,3899.0,0.0,0.0,1.0,3899.0,16.0,3898.0,27.0,3899.0,3885.0
2018-04-24 21:03:44.000,rb1805,3899.0,0.0,0.0,1.0,3899.0,25.0,3898.0,15.0,3899.0,3885.0
2018-04-24 21:03:44.500,rb1805,3899.0,6.0,233920.0,1.0,3899.0,26.0,3898.0,12.0,3899.0,3885.0
2018-04-24 21:03:45.000,rb1805,3899.0,2.0,77980.0,1.0,3899.0,35.0,3898.0,12.0,3899.0,3885.0
2018-04-24 21:03:45.500,rb1805,3899.0,12.0,467860.0,1.0,3899.0,31.0,3898.0,11.0,3899.0,3885.0
2018-04-24 21:03:46.000,rb1805,3899.0,0.0,0.0,1.0,3899.0,31.0,3898.0,11.0,3899.0,3885.0
2018-04-24 21:03:46.500,rb1805,3899.0,2.0,77980.0,1.0,3899.0,31.0,3898.0,11.0,3899.0,3885.0
2018-04-24 21:03:47.000,rb1805,3899.0,60.0,2339400.0,1.0,3899.0,1.0,3898.0,25.0,3899.0,3885.0
2018-04-24 21:03:47.500,rb1805,3899.0,2.0,77980.0,1.0,3899.0,5.0,3898.0,42.0,3899.0,3885.0
2018-04-24 21:03:48.000,rb1805,3900.0,26.0,1013800.0,1.0,3900.0,129.0,3898.0,45.0,3900.0,3885.0
2018-04-24 21:03:48.500,rb1805,3897.0,294.0,11464060.0,1.0,3898.0,26.0,3897.0,28.0,3900.0,3885.0
2018-04-24 21:03:49.000,rb1805,3898.0,42.0,1637160.0,1.0,3898.0,8.0,3897.0,37.0,3900.0,3885.0
2018-04-24 21:03:49.500,rb1805,3898.0,16.0,623680.0,1.0,3899.0,18.0,3898.0,1.0,3900.0,3885.0
2018-04-24 21:03:50.000,rb1805,3899.0,26.0,1013700.0,1.0,3899.0,7.0,3898.0,2.0,3900.0,3885.0
2018-04-24 21:03:50.500,rb1805,3899.0,2.0,77980.0,1.0,3900.0,31.0,3899.0,1.0,3900.0,3885.0
2018-04-24 21:03:51.000,rb1805,3899.0,4.0,155960.0,1.0,3900.0,42.0,3899.0,1.0,3900.0,3885.0
2018-04-24 21:03:51.500,rb1805,3899.0,2.0,77980.0,1.0,3900.0,42.0,3899.0,1.0,3900.0,3885.0
2018-04-24 21:03:52.000,rb1805,3900.0,2.0,78000.0,1.0,3900.0,42.0,3899.0,1.0,3900.0,3885.0
2018-04-24 21:03:52.500,rb1805,3900.0,0.0,0.0,1.0,3900.0,42.0,3899.0,14.0,3900.0,3885.0
2018-04-24 21:03:53.000,rb1805,3900.0,42.0,1637980.0,1.0,3900.0,27.0,3899.0,5.0,3900.0,3885.0
2018-04-24 21:03:53.500,rb1805,3900.0,2.0,78000.0,1.0,3900.0,32.0,3899.0,14.0,3900.0,3885.0
2018-04-24 21:03:54.000,rb1805,3900.0,2.0,78000.0,1.0,3900.0,29.0,3899.0,15.0,3900.0,3885.0
2018-04-24 21:03:54.500,rb1805,3899.0,6.0,233940.0,1.0,3900.0,29.0,3899.0,12.0,3900.0,3885.0
2018-04-24 21:03:55.000,rb1805,3900.0,10.0,390000.0,1.0,3900.0,29.0,3899.0,1.0,3900.0,3885.0
2018-04-24 21:03:55.500,rb1805,3899.0,2.0,77980.0,1.0,3899.0,3.0,3898.0,30.0,3900.0,3885.0
2018-04-24 21:03:56.000,rb1805,3900.0,8.0,311940.0,1.0,3900.0,34.0,3898.0,35.0,3900.0,3885.0
2018-04-24 21:03:56.500,rb1805,3900.0,160.0,6238360.0,1.0,3901.0,67.0,3900.0,6.0,3900.0,3885.0
2018-04-24 21:03:57.000,rb1805,3899.0,14.0,545980.0,1.0,3900.0,24.0,3899.0,21.0,3900.0,3885.0
2018-04-24 21:03:57.500,rb1805,3899.0,26.0,1013980.0,1.0,3900.0,14.0,3899.0,8.0,3900.0,3885.0
2018-04-24 21:03:58.000,rb1805,3900.0,20.0,780000.0,1.0,3900.0,11.0,3898.0,1.0,3900.0,3885.0
2018-04-24 21:03:58.500,rb1805,3900.0,0.0,0.0,1.0,3900.0,15.0,3898.0,2.0,3900.0,3885.0
2018-04-24 21:03:59.000,rb1805,3900.0,2.0,78000.0,1.0,3900.0,14.0,3898.0,2.0,3900.0,3885.0
2018-04-24 21:03:59.500,rb1805,3900.0,0.0,0.0,1.0,3900.0,14.0,3898.0,3.0,3900.0,3885.0
2018-04-24 21:04:00.000,rb1805,3900.0,28.0,1092000.0,1.0,3901.0,71.0,3900.0,8.0,3900.0,3885.0
2018-04-24 21:04:00.500,rb1805,3900.0,16.0,624000.0,1.0,3900.0,27.0,3899.0,6.0,3900.0,3885.0
2018-04-24 21:04:01.000,rb1805,3899.0,18.0,701800.0,1.0,3899.0,4.0,3898.0,2.0,3900.0,3885.0
2018-04-24 21:04:01.500,rb1805,3899.0,2.0,77980.0,1.0,3899.0,3.0,3898.0,14.0,3900.0,3885.0
2018-04-24 21:04:02.000,rb1805,3899.0,0.0,0.0,1.0,3899.0,15.0,3898.0,2.0,3900.0,3885.0
2018-04-24 21:04:02.500,rb1805,3899.0,20.0,779800.0,1.0,3899.0,12.0,3898.0,1.0,3900.0,3885.0
2018-04-24 21:04:03.000,rb1805,3899.0,4.0,155960.0,1.0,3899.0,19.0,3898.0,2.0,3900.0,3885.0
2018-04-24 21:04:03.500,rb1805,3899.0,0.0,0.0,1.0,3899.0,9.0,3898.0,3.0,3900.0,3885.0
2018-04-24 21:04:04.000,rb1805,3899.0,2.0,77980.0,1.0,3899.0,8.0,3898.0,3.0,3900.0,3885.0
2018-04-24 21:04:04.500,rb1805,3899.0,2.0,77980.0,1.0,3899.0,8.0,3898.0,3.0,3900.0,3885.0
2018-04-24 21:04:05.000,rb1805,3898.0,4.0,155920.0,1.0,3899.0,8.0,3898.0,1.0,3900.0,3885.0
2018-04-24 21:04:05.500,rb1805,3898.0,0.0,0.0,1.0,3899.0,8.0,3898.0,1.0,3900.0,3885.0
2018-04-24 21:04:06.000,rb1805,3898.0,0.0,0.0,1.0,3899.0,8.0,3898.0,1.0,3900.0,3885.0
2018-04-24 21:04:06.500,rb1805,3898.0,2.0,77960.0,1.0,3899.0,8.0,3897.0,26.0,3900.0,3885.0
2018-04-24 21:04:07.000,rb1805,3898.0,0.0,0.0,1.0,3899.0,6.0,3897.0,31.0,3900.0,3885.0
2018-04-24 21:04:07.500,rb1805,3898.0,0.0,0.0,1.0,3899.0,6.0,3897.0,31.0,3900.0,3885.0
2018-04-24 21:04:08.000,rb1805,3899.0,2.0,77980.0,1.0,3899.0,12.0,3898.0,2.0,3900.0,3885.0
2018-04-24 21:04:08.500,rb1805,3899.0,0.0,0.0,1.0,3899.0,12.0,3898.0,2.0,3900.0,3885.0
2018-04-24 21:04:09.000,rb1805,3898.0,2.0,77960.0,1.0,3899.0,15.0,3898.0,1.0,3900.0,3885.0
2018-04-24 21:04:09.500,rb1805,3898.0,0.0,0.0,1.0,3899.0,16.0,3898.0,1.0,3900.0,3885.0
2018-04-24 21:04:10.000,rb1805,3898.0,2.0,77960.0,1.0,3899.0,16.0,3897.0,31.0,3900.0,3885.0
2018-04-24 21:04:10.500,rb1805,3899.0,2.0,77980.0,1.0,3898.0,10.0,3897.0,21.0,3900.0,3885.0
2018-04-24 21:04:11.000,rb1805,3899.0,10.0,389900.0,1.0,3898.0,5.0,3897.0,35.0,3900.0,3885.0
2018-04-24 21:04:11.500,rb1805,3899.0,0.0,0.0,1.0,3898.0,5.0,3897.0,35.0,3900.0,3885.0
2018-04-24 21:04:12.000,rb1805,3897.0,2.0,77940.0,1.0,3898.0,5.0,3897.0,34.0,3900.0,3885.0
2018-04-24 21:04:12.500,rb1805,3898.0,4.0,155920.0,1.0,3898.0,3.0,3897.0,34.0,3900.0,3885.0
2018-04-24 21:04:13.000,rb1805,3898.0,0.0,0.0,1.0,3898.0,11.0,3897.0,34.0,3900.0,3885.0
2018-04-24 21:04:13.500,rb1805,3898.0,0.0,0.0,1.0,3898.0,13.0,3897.0,34.0,3900.0,3885.0
2018-04-24 21:04:14.000,rb1805,3898.0,0.0,0.0,1.0,3898.0,13.0,3897.0,34.0,3900.0,3885.0
2018-04-24 21:04:14.500,rb1805,3897.0,22.0,857540.0,1.0,3898.0,3.0,3897.0,33.0,3900.0,3885.0
2018-04-24 21:04:15.000,rb1805,3897.0,0.0,0.0,1.0,3898.0,3.0,3897.0,31.0,3900.0,3885.0
2018-04-24 21:04:15.500,rb1805,3898.0,4.0,155920.0,1.0,3898.0,1.0,3897.0,31.0,3900.0,3885.0
2018-04-24 21:04:16.000,rb1805,3898.0,0.0,0.0,1.0,3898.0,2.0,3897.0,31.0,3900.0,3885.0
2018-04-24 21:04:16.500,rb1805,3898.0,2.0,77960.0,1.0,3898.0,1.0,3897.0,31.0,3900.0,3885.0
2018-04-24 21:04:17.000,rb1805,3898.0,8.0,311780.0,1.0,3899.0,22.0,3897.0,28.0,3900.0,3885.0
2018-04-24 21:04:17.500,rb1805,3898.0,0.0,0.0,1.0,3898.0,2.0,3897.0,36.0,3900.0,3885.0
2018-04-24 21:04:18.000,rb1805,3898.0,0.0,0.0,1.0,3898.0,2.0,3897.0,36.0,3900.0,3885.0
2018-04-24 21:04:18.500,rb1805,3898.0,0.0,0.0,1.0,3898.0,2.0,3897.0,36.0,3900.0,3885.0
2018-04-24 21:04:19.000,rb1805,3898.0,0.0,0.0,1.0,3898.0,2.0,3897.0,36.0,3900.0,3885.0
2018-04-24 21:04:19.500,rb1805,3898.0,0.0,0.0,1.0,3898.0,3.0,3897.0,36.0,3900.0,3885.0
2018-04-24 21:04:20.000,rb1805,3898.0,6.0,233880.0,1.0,3899.0,22.0,3898.0,7.0,3900.0,3885.0
2018-04-24 21:04:20.500,rb1805,3898.0,14.0,545720.0,1.0,3899.0,17.0,3897.0,36.0,3900.0,3885.0
2018-04-24 21:04:21.000,rb1805,3898.0,0.0,0.0,1.0,3899.0,17.0,3898.0,3.0,3900.0,3885.0
2018-04-24 21:04:21.500,rb1805,3898.0,2.0,77960.0,1.0,3899.0,17.0,3898.0,2.0,3900.0,3885.0
2018-04-24 21:04:22.000,rb1805,3898.0,4.0,155920.0,1.0,3898.0,4.0,3897.0,36.0,3900.0,3885.0
2018-04-24 21:04:22.500,rb1805,3898.0,0.0,0.0,1.0,3898.0,4.0,3897.0,36.0,3900.0,3885.0
2018-04-24 21:04:23.000,rb1805,3897.0,2.0,77940.0,1.0,3898.0,4.0,3897.0,43.0,3900.0,3885.0
2018-04-24 21:04:23.500,rb1805,3898.0,6.0,233880.0,1.0,3898.0,2.0,3897.0,47.0,3900.0,3885.0
2018-04-24 21:04:24.000,rb1805,3898.0,4.0,155920.0,1.0,3899.0,19.0,3897.0,47.0,3900.0,3885.0
2018-04-24 21:04:24.500,rb1805,3898.0,0.0,0.0,1.0,3899.0,29.0,3897.0,37.0,3900.0,3885.0
2018-04-24 21:04:25.000,rb1805,3898.0,0.0,0.0,1.0,3899.0,29.0,3897.0,37.0,3900.0,3885.0
2018-04-24 21:04:25.500,rb1805,3898.0,0.0,0.0,1.0,3899.0,29.0,3897.0,37.0,3900.0,3885.0
2018-04-24 21:04:26.000,rb1805,3898.0,0.0,0.0,1.0,3899.0,29.0,3897.0,37.0,3900.0,3885.0
2018-04-24 21:04:26.500,rb1805,3898.0,0.0,0.0,1.0,3899.0,29.0,3897.0,37.0,3900.0,3885.0
2018-04-24 21:04:27.000,rb1805,3898.0,0.0,0.0,1.0,3899.0,26.0,3898.0,110.0,3900.0,3885.0
2018-04-24 21:04:27.500,rb1805,3898.0,0.0,0.0,1.0,3899.0,15.0,3898.0,123.0,3900.0,3885.0
2018-04-24 21:04:28.000,rb1805,3899.0,30.0,1169700.0,1.0,3900.0,69.0,3899.0,2.0,3900.0,3885.0
2018-04-24 21:04:28.500,rb1805,3899.0,14.0,545860.0,1.0,3900.0,71.0,3899.0,8.0,3900.0,3885.0
2018-04-24 21:04:29.000,rb1805,3899.0,0.0,0.0,1.0,3900.0,65.0,3899.0,18.0,3900.0,3885.0
2018-04-24 21:04:29.500,rb1805,3899.0,0.0,0.0,1.0,3900.0,65.0,3899.0,22.0,3900.0,3885.0
2018-04-24 21:04:30.000,rb1805,3899.0,0.0,0.0,1.0,3900.0,65.0,3899.0,22.0,3900.0,3885.0
2018-04-24 21:04:30.500,rb1805,3899.0,4.0,155960.0,1.0,3900.0,65.0,3899.0,40.0,3900.0,3885.0
2018-04-24 21:04:31.000,rb1805,3899.0,0.0,0.0,1.0,3900.0,65.0,3899.0,40.0,3900.0,3885.0
2018-04-24 21:04:31.500,rb1805,3899.0,2.0,77980.0,1.0,3900.0,65.0,3899.0,39.0,3900.0,3885.0
2018-04-24 21:04:32.000,rb1805,3899.0,0.0,0.0,1.0,3900.0,65.0,3899.0,39.0,3900.0,3885.0
2018-04-24 21:04:32.500,rb1805,3900.0,26.0,1013760.0,1.0,3900.0,69.0,3899.0,27.0,3900.0,3885.0
2018-04-24 21:04:33.000,rb1805,3900.0,0.0,0.0,1.0,3900.0,69.0,3899.0,35.0,3900.0,3885.0
2018-04-24 21:04:33.500,rb1805,3900.0,0.0,0.0,1.0,3900.0,64.0,3899.0,35.0,3900.0,3885.0
2018-04-24 21:04:34.000,rb1805,3900.0,0.0,0.0,1.0,3900.0,69.0,3899.0,32.0,3900.0,3885.0
2018-04-24 21:04:34.500,rb1805,3900.0,0.0,0.0,1.0,3900.0,69.0,3899.0,37.0,3900.0,3885.0
2018-04-24 21:04:35.000,rb1805,3899.0,4.0,155980.0,1.0,3900.0,63.0,3899.0,38.0,3900.0,3885.0
2018-04-24 21:04:35.500,rb1805,3900.0,4.0,156000.0,1.0,3900.0,61.0,3899.0,39.0,3900.0,3885.0
2018-04-24 21:04:36.000,rb1805,3900.0,2.0,78000.0,1.0,3900.0,60.0,3899.0,39.0,3900.0,3885.0
2018-04-24 21:04:36.500,rb1805,3899.0,8.0,311920.0,1.0,3900.0,72.0,3899.0,35.0,3900.0,3885.0
2018-04-24 21:04:37.000,rb1805,3900.0,2.0,78000.0,1.0,3900.0,73.0,3899.0,37.0,3900.0,3885.0
2018-04-24 21:04:37.500,rb1805,3899.0,8.0,311960.0,1.0,3900.0,71.0,3899.0,35.0,3900.0,3885.0
2018-04-24 21:04:38.000,rb1805,3899.0,0.0,0.0,1.0,3900.0,71.0,3899.0,35.0,3900.0,3885.0
2018-04-24 21:04:38.500,rb1805,3900.0,2.0,78000.0,1.0,3900.0,70.0,3899.0,33.0,3900.0,3885.0
2018-04-24 21:04:39.000,rb1805,3900.0,0.0,0.0,1.0,3900.0,72.0,3899.0,35.0,3900.0,3885.0
2018-04-24 21:04:39.500,rb1805,3900.0,0.0,0.0,1.0,3900.0,72.0,3899.0,35.0,3900.0,3885.0
2018-04-24 21:04:40.000,rb1805,3900.0,2.0,78000.0,1.0,3900.0,71.0,3899.0,36.0,3900.0,3885.0
2018-04-24 21:04:40.500,rb1805,3900.0,0.0,0.0,1.0,3900.0,71.0,3899.0,36.0,3900.0,3885.0
2018-04-24 21:04:41.000,rb1805,3900.0,4.0,156000.0,1.0,3900.0,74.0,3899.0,34.0,3900.0,3885.0
2018-04-24 21:04:41.500,rb1805,3900.0,2.0,78000.0,1.0,3900.0,73.0,3899.0,27.0,3900.0,3885.0
2018-04-24 21:04:42.000,rb1805,3900.0,0.0,0.0,1.0,3900.0,73.0,3899.0,27.0,3900.0,3885.0
2018-04-24 21:04:42.500,rb1805,3900.0,10.0,390000.0,1.0,3900.0,70.0,3899.0,27.0,3900.0,3885.0
2018-04-24 21:04:43.000,rb1805,3900.0,0.0,0.0,1.0,3900.0,63.0,3899.0,34.0,3900.0,3885.0
2018-04-24 21:04:43.500,rb1805,3900.0,0.0,0.0,1.0,3900.0,64.0,3899.0,34.0,3900.0,3885.0
2018-04-24 21:04:44.000,rb1805,3900.0,0.0,0.0,1.0,3900.0,64.0,3899.0,34.0,3900.0,3885.0
2018-04-24 21:04:44.500,rb1805,3900.0,0.0,0.0,1.0,3900.0,70.0,3899.0,34.0,3900.0,3885.0
2018-04-24 21:04:45.000,rb1805,3900.0,0.0,0.0,1.0,3900.0,70.0,3899.0,34.0,3900.0,3885.0
2018-04-24 21:04:45.500,rb1805,3900.0,0.0,0.0,1.0,3900.0,70.0,3899.0,35.0,3900.0,3885.0
2018-04-24 21:04:46.000,rb1805,3899.0,2.0,77980.0,1.0,3900.0,72.0,3899.0,34.0,3900.0,3885.0
2018-04-24 21:04:46.500,rb1805,3899.0,0.0,0.0,1.0,3900.0,103.0,3899.0,34.0,3900.0,3885.0
2018-04-24 21:04:47.000,rb1805,3899.0,2.0,77980.0,1.0,3900.0,103.0,3899.0,32.0,3900.0,3885.0
2018-04-24 21:04:47.500,rb1805,3899.0,2.0,77980.0,1.0,3900.0,103.0,3899.0,31.0,3900.0,3885.0
2018-04-24 21:04:48.000,rb1805,3899.0,0.0,0.0,1.0,3900.0,103.0,3899.0,31.0,3900.0,3885.0
2018-04-24 21:04:48.500,rb1805,3900.0,2.0,78000.0,1.0,3900.0,102.0,3899.0,31.0,3900.0,3885.0
2018-04-24 21:04:49.000,rb1805,3899.0,2.0,77980.0,1.0,3900.0,102.0,3899.0,30.0,3900.0,3885.0
2018-04-24 21:04:49.500,rb1805,3900.0,6.0,234000.0,1.0,3900.0,99.0,3899.0,20.0,3900.0,3885.0
2018-04-24 21:04:50.000,rb1805,3900.0,10.0,390000.0,1.0,3900.0,100.0,3899.0,17.0,3900.0,3885.0
2018-04-24 21:04:50.500,rb1805,3900.0,0.0,0.0,1.0,3900.0,102.0,3899.0,17.0,3900.0,3885.0
2018-04-24 21:04:51.000,rb1805,3900.0,0.0,0.0,1.0,3900.0,95.0,3899.0,35.0,3900.0,3885.0
2018-04-24 21:04:51.500,rb1805,3900.0,0.0,0.0,1.0,3900.0,95.0,3899.0,36.0,3900.0,3885.0
2018-04-24 21:04:52.000,rb1805,3900.0,0.0,0.0,1.0,3900.0,92.0,3899.0,36.0,3900.0,3885.0
2018-04-24 21:04:52.500,rb1805,3900.0,0.0,0.0,1.0,3900.0,96.0,3899.0,36.0,3900.0,3885.0
2018-04-24 21:04:53.000,rb1805,3900.0,0.0,0.0,1.0,3900.0,98.0,3899.0,36.0,3900.0,3885.0
2018-04-24 21:04:53.500,rb1805,3899.0,8.0,311980.0,1.0,3900.0,95.0,3899.0,33.0,3900.0,3885.0
2018-04-24 21:04:54.000,rb1805,3899.0,0.0,0.0,1.0,3900.0,103.0,3899.0,16.0,3900.0,3885.0
2018-04-24 21:04:54.500,rb1805,3899.0,0.0,0.0,1.0,3900.0,103.0,3899.0,16.0,3900.0,3885.0
2018-04-24 21:04:55.000,rb1805,3900.0,26.0,1013940.0,1.0,3900.0,93.0,3899.0,14.0,3900.0,3885.0
2018-04-24 21:04:55.500,rb1805,3900.0,0.0,0.0,1.0,3900.0,104.0,3899.0,14.0,3900.0,3885.0
2018-04-24 21:04:56.000,rb1805,3899.0,24.0,935760.0,1.0,3900.0,104.0,3899.0,2.0,3900.0,3885.0
2018-04-24 21:04:56.500,rb1805,3899.0,4.0,155960.0,1.0,3899.0,1.0,3898.0,133.0,3900.0,3885.0
2018-04-24 21:04:57.000,rb1805,3899.0,0.0,0.0,1.0,3899.0,3.0,3898.0,133.0,3900.0,3885.0
2018-04-24 21:04:57.500,rb1805,3899.0,2.0,77980.0,1.0,3899.0,2.0,3898.0,133.0,3900.0,3885.0
2018-04-24 21:04:58.000,rb1805,3899.0,4.0,155960.0,1.0,3900.0,104.0,3898.0,135.0,3900.0,3885.0
2018-04-24 21:04:58.500,rb1805,3900.0,2.0,78000.0,1.0,3900.0,98.0,3899.0,2.0,3900.0,3885.0
2018-04-24 21:04:59.000,rb1805,3900.0,0.0,0.0,1.0,3900.0,95.0,3899.0,2.0,3900.0,3885.0
2018-04-24 21:04:59.500,rb1805,3899.0,126.0,4913940.0,1.0,3899.0,1.0,3898.0,136.0,3900.0,3885.0
2018-04-24 21:05:00.000,rb1805,3899.0,2.0,77980.0,1.0,3900.0,36.0,3899.0,13.0,3900.0,3885.0
2018-04-24 21:05:00.500,rb1805,3899.0,2.0,77980.0,1.0,3900.0,37.0,3899.0,5.0,3900.0,3885.0
2018-04-24 21:05:01.000,rb1805,3899.0,0.0,0.0,1.0,3900.0,38.0,3899.0,5.0,3900.0,3885.0
2018-04-24 21:05:01.500,rb1805,3899.0,0.0,0.0,1.0,3900.0,38.0,3899.0,5.0,3900.0,3885.0
2018-04-24 21:05:02.000,rb1805,3899.0,4.0,155980.0,1.0,3900.0,37.0,3899.0,7.0,3900.0,3885.0
2018-04-24 21:05:02.500,rb1805,3899.0,20.0,779800.0,1.0,3900.0,32.0,3899.0,23.0,3900.0,3885.0
2018-04-24 21:05:03.000,rb1805,3900.0,2.0,78000.0,1.0,3900.0,28.0,3899.0,24.0,3900.0,3885.0
2018-04-24 21:05:03.500,rb1805,3900.0,0.0,0.0,1.0,3900.0,28.0,3899.0,27.0,3900.0,3885.0
2018-04-24 21:05:04.000,rb1805,3900.0,0.0,0.0,1.0,3900.0,28.0,3899.0,25.0,3900.0,3885.0
2018-04-24 21:05:04.500,rb1805,3900.0,0.0,0.0,1.0,3900.0,29.0,3899.0,23.0,3900.0,3885.0
2018-04-24 21:05:05.000,rb1805,3899.0,4.0,155960.0,1.0,3900.0,37.0,3899.0,15.0,3900.0,3885.0
2018-04-24 21:05:05.500,rb1805,3899.0,0.0,0.0,1.0,3900.0,45.0,3899.0,8.0,3900.0,3885.0
2018-04-24 21:05:06.000,rb1805,3899.0,26.0,1013740.0,1.0,3899.0,3.0,3898.0,142.0,3900.0,3885.0
2018-04-24 21:05:06.500,rb1805,3899.0,2.0,77980.0,1.0,3899.0,11.0,3898.0,143.0,3900.0,3885.0
2018-04-24 21:05:07.000,rb1805,3899.0,0.0,0.0,1.0,3899.0,11.0,3898.0,141.0,3900.0,3885.0
2018-04-24 21:05:07.500,rb1805,3899.0,0.0,0.0,1.0,3899.0,10.0,3898.0,141.0,3900.0,3885.0
2018-04-24 21:05:08.000,rb1805,3899.0,0.0,0.0,1.0,3899.0,10.0,3898.0,141.0,3900.0,3885.0
2018-04-24 21:05:08.500,rb1805,3899.0,0.0,0.0,1.0,3899.0,10.0,3898.0,141.0,3900.0,3885.0
2018-04-24 21:05:09.000,rb1805,3899.0,4.0,155960.0,1.0,3899.0,8.0,3898.0,141.0,3900.0,3885.0
2018-04-24 21:05:09.500,rb1805,3899.0,0.0,0.0,1.0,3899.0,8.0,3898.0,143.0,3900.0,3885.0
2018-04-24 21:05:10.000,rb1805,3899.0,0.0,0.0,1.0,3899.0,8.0,3898.0,143.0,3900.0,3885.0
2018-04-24 21:05:10.500,rb1805,3899.0,0.0,0.0,1.0,3899.0,8.0,3898.0,141.0,3900.0,3885.0
2018-04-24 21:05:11.000,rb1805,3899.0,0.0,0.0,1.0,3899.0,20.0,3898.0,141.0,3900.0,3885.0
2018-04-24 21:05:11.500,rb1805,3899.0,0.0,0.0,1.0,3899.0,21.0,3898.0,140.0,3900.0,3885.0
2018-04-24 21:05:12.000,rb1805,3899.0,0.0,0.0,1.0,3899.0,22.0,3898.0,130.0,3900.0,3885.0
2018-04-24 21:05:12.500,rb1805,3898.0,6.0,233900.0,1.0,3899.0,22.0,3898.0,128.0,3900.0,3885.0
2018-04-24 21:05:13.000,rb1805,3898.0,0.0,0.0,1.0,3899.0,22.0,3898.0,128.0,3900.0,3885.0
2018-04-24 21:05:13.500,rb1805,3898.0,0.0,0.0,1.0,3899.0,22.0,3898.0,128.0,3900.0,3885.0
2018-04-24 21:05:14.000,rb1805,3898.0,0.0,0.0,1.0,3899.0,23.0,3898.0,135.0,3900.0,3885.0
2018-04-24 21:05:14.500,rb1805,3898.0,0.0,0.0,1.0,3899.0,22.0,3898.0,135.0,3900.0,3885.0
2018-04-24 21:05:15.000,rb1805,3898.0,0.0,0.0,1.0,3899.0,22.0,3898.0,135.0,3900.0,3885.0
2018-04-24 21:05:15.500,rb1805,3899.0,8.0,311920.0,1.0,3899.0,16.0,3898.0,135.0,3900.0,3885.0
2018-04-24 21:05:16.000,rb1805,3899.0,0.0,0.0,1.0,3899.0,15.0,3898.0,136.0,3900.0,3885.0
2018-04-24 21:05:16.500,rb1805,3898.0,20.0,779600.0,1.0,3899.0,15.0,3898.0,128.0,3900.0,3885.0
2018-04-24 21:05:17.000,rb1805,3898.0,0.0,0.0,1.0,3899.0,16.0,3898.0,126.0,3900.0,3885.0
2018-04-24 21:05:17.500,rb1805,3898.0,0.0,0.0,1.0,3899.0,18.0,3898.0,126.0,3900.0,3885.0
2018-04-24 21:05:18.000,rb1805,3898.0,0.0,0.0,1.0,3899.0,17.0,3898.0,126.0,3900.0,3885.0
2018-04-24 21:05:18.500,rb1805,3898.0,0.0,0.0,1.0,3899.0,17.0,3898.0,126.0,3900.0,3885.0
2018-04-24 21:05:19.000,rb1805,3898.0,0.0,0.0,1.0,3899.0,18.0,3898.0,126.0,3900.0,3885.0
2018-04-24 21:05:19.500,rb1805,3898.0,0.0,0.0,1.0,3899.0,18.0,3898.0,126.0,3900.0,3885.0
2018-04-24 21:05:20.000,rb1805,3898.0,0.0,0.0,1.0,3899.0,18.0,3898.0,126.0,3900.0,3885.0
2018-04-24 21:05:20.500,rb1805,3898.0,2.0,77960.0,1.0,3899.0,18.0,3898.0,125.0,3900.0,3885.0
2018-04-24 21:05:21.000,rb1805,3898.0,0.0,0.0,1.0,3899.0,19.0,3898.0,124.0,3900.0,3885.0
2018-04-24 21:05:21.500,rb1805,3898.0,0.0,0.0,1.0,3899.0,21.0,3898.0,122.0,3900.0,3885.0
2018-04-24 21:05:22.000,rb1805,3898.0,0.0,0.0,1.0,3899.0,34.0,3898.0,117.0,3900.0,3885.0
2018-04-24 21:05:22.500,rb1805,3898.0,0.0,0.0,1.0,3899.0,34.0,3898.0,117.0,3900.0,3885.0
2018-04-24 21:05:23.000,rb1805,3899.0,24.0,935760.0,1.0,3899.0,22.0,3898.0,117.0,3900.0,3885.0
2018-04-24 21:05:23.500,rb1805,3899.0,0.0,0.0,1.0,3899.0,22.0,3898.0,117.0,3900.0,3885.0
2018-04-24 21:05:24.000,rb1805,3899.0,0.0,0.0,1.0,3899.0,31.0,3898.0,119.0,3900.0,3885.0
2018-04-24 21:05:24.500,rb1805,3899.0,4.0,155940.0,1.0,3899.0,35.0,3898.0,118.0,3900.0,3885.0
2018-04-24 21:05:25.000,rb1805,3899.0,0.0,0.0,1.0,3899.0,36.0,3898.0,118.0,3900.0,3885.0
2018-04-24 21:05:25.500,rb1805,3899.0,20.0,779800.0,1.0,3899.0,26.0,3898.0,123.0,3900.0,3885.0
2018-04-24 21:05:26.000,rb1805,3899.0,0.0,0.0,1.0,3899.0,26.0,3898.0,123.0,3900.0,3885.0
2018-04-24 21:05:26.500,rb1805,3899.0,8.0,311880.0,1.0,3899.0,18.0,3898.0,123.0,3900.0,3885.0
2018-04-24 21:05:27.000,rb1805,3899.0,0.0,0.0,1.0,3899.0,18.0,3898.0,123.0,3900.0,3885.0
2018-04-24 21:05:27.500,rb1805,3899.0,0.0,0.0,1.0,3899.0,18.0,3898.0,121.0,3900.0,3885.0
2018-04-24 21:05:28.000,rb1805,3898.0,22.0,857580.0,1.0,3899.0,9.0,3898.0,113.0,3900.0,3885.0
2018-04-24 21:05:28.500,rb1805,3898.0,0.0,0.0,1.0,3899.0,9.0,3898.0,113.0,3900.0,3885.0
2018-04-24 21:05:29.000,rb1805,3898.0,0.0,0.0,1.0,3899.0,9.0,3898.0,113.0,3900.0,3885.0
2018-04-24 21:05:29.500,rb1805,3898.0,6.0,233900.0,1.0,3899.0,8.0,3898.0,111.0,3900.0,3885.0
2018-04-24 21:05:30.000,rb1805,3898.0,0.0,0.0,1.0,3899.0,8.0,3898.0,111.0,3900.0,3885.0
2018-04-24 21:05:30.500,rb1805,3899.0,2.0,77980.0,1.0,3899.0,2.0,3898.0,111.0,3900.0,3885.0
2018-04-24 21:05:31.000,rb1805,3899.0,0.0,0.0,1.0,3899.0,2.0,3898.0,114.0,3900.0,3885.0
2018-04-24 21:05:31.500,rb1805,3899.0,4.0,155960.0,1.0,3900.0,122.0,3898.0,114.0,3900.0,3885.0
2018-04-24 21:05:32.000,rb1805,3899.0,0.0,0.0,1.0,3900.0,120.0,3898.0,114.0,3900.0,3885.0
2018-04-24 21:05:32.500,rb1805,3899.0,0.0,0.0,1.0,3900.0,120.0,3899.0,1.0,3900.0,3885.0
2018-04-24 21:05:33.000,rb1805,3899.0,2.0,77980.0,1.0,3900.0,120.0,3898.0,112.0,3900.0,3885.0
2018-04-24 21:05:33.500,rb1805,3899.0,0.0,0.0,1.0,3899.0,2.0,3898.0,112.0,3900.0,3885.0
2018-04-24 21:05:34.000,rb1805,3899.0,0.0,0.0,1.0,3899.0,2.0,3898.0,114.0,3900.0,3885.0
2018-04-24 21:05:34.500,rb1805,3899.0,0.0,0.0,1.0,3899.0,2.0,3898.0,114.0,3900.0,3885.0
2018-04-24 21:05:35.000,rb1805,3900.0,6.0,233960.0,1.0,3900.0,115.0,3899.0,8.0,3900.0,3885.0
2018-04-24 21:05:35.500,rb1805,3898.0,18.0,701800.0,1.0,3900.0,115.0,3898.0,113.0,3900.0,3885.0
2018-04-24 21:05:36.000,rb1805,3898.0,0.0,0.0,1.0,3900.0,115.0,3898.0,113.0,3900.0,3885.0
2018-04-24 21:05:36.500,rb1805,3898.0,0.0,0.0,1.0,3900.0,115.0,3899.0,1.0,3900.0,3885.0
2018-04-24 21:05:37.000,rb1805,3898.0,2.0,77960.0,1.0,3900.0,125.0,3898.0,113.0,3900.0,3885.0
2018-04-24 21:05:37.500,rb1805,3898.0,0.0,0.0,1.0,3900.0,115.0,3898.0,113.0,3900.0,3885.0
2018-04-24 21:05:38.000,rb1805,3898.0,0.0,0.0,1.0,3900.0,115.0,3898.0,113.0,3900.0,3885.0
2018-04-24 21:05:38.500,rb1805,3898.0,0.0,0.0,1.0,3900.0,115.0,3898.0,113.0,3900.0,3885.0
2018-04-24 21:05:39.000,rb1805,3898.0,0.0,0.0,1.0,3900.0,115.0,3898.0,113.0,3900.0,3885.0
2018-04-24 21:05:39.500,rb1805,3898.0,0.0,0.0,1.0,3900.0,125.0,3898.0,116.0,3900.0,3885.0
2018-04-24 21:05:40.000,rb1805,3899.0,2.0,77980.0,1.0,3900.0,125.0,3898.0,116.0,3900.0,3885.0
2018-04-24 21:05:40.500,rb1805,3899.0,0.0,0.0,1.0,3899.0,1.0,3898.0,117.0,3900.0,3885.0
2018-04-24 21:05:41.000,rb1805,3899.0,0.0,0.0,1.0,3899.0,1.0,3898.0,119.0,3900.0,3885.0
2018-04-24 21:05:41.500,rb1805,3899.0,0.0,0.0,1.0,3899.0,1.0,3898.0,119.0,3900.0,3885.0
2018-04-24 21:05:42.000,rb1805,3899.0,0.0,0.0,1.0,3899.0,1.0,3898.0,119.0,3900.0,3885.0
2018-04-24 21:05:42.500,rb1805,3898.0,2.0,77960.0,1.0,3899.0,1.0,3898.0,118.0,3900.0,3885.0
2018-04-24 21:05:43.000,rb1805,3898.0,12.0,467800.0,1.0,3900.0,132.0,3898.0,114.0,3900.0,3885.0
2018-04-24 21:05:43.500,rb1805,3898.0,0.0,0.0,1.0,3900.0,62.0,3899.0,1.0,3900.0,3885.0
2018-04-24 21:05:44.000,rb1805,3899.0,2.0,77980.0,1.0,3900.0,72.0,3898.0,114.0,3900.0,3885.0
2018-04-24 21:05:44.500,rb1805,3899.0,2.0,77980.0,1.0,3899.0,2.0,3898.0,114.0,3900.0,3885.0
2018-04-24 21:05:45.000,rb1805,3899.0,0.0,0.0,1.0,3899.0,2.0,3898.0,114.0,3900.0,3885.0
2018-04-24 21:05:45.500,rb1805,3899.0,0.0,0.0,1.0,3899.0,2.0,3898.0,114.0,3900.0,3885.0
2018-04-24 21:05:46.000,rb1805,3899.0,0.0,0.0,1.0,3899.0,2.0,3898.0,114.0,3900.0,3885.0
2018-04-24 21:05:46.500,rb1805,3899.0,0.0,0.0,1.0,3899.0,2.0,3898.0,115.0,3900.0,3885.0
2018-04-24 21:05:47.000,rb1805,3899.0,0.0,0.0,1.0,3899.0,2.0,3898.0,195.0,3900.0,3885.0
2018-04-24 21:05:47.500,rb1805,3899.0,4.0,155960.0,1.0,3900.0,72.0,3899.0,2.0,3900.0,3885.0
2018-04-24 21:05:48.000,rb1805,3899.0,0.0,0.0,1.0,3899.0,1.0,3898.0,195.0,3900.0,3885.0
2018-04-24 21:05:48.500,rb1805,3899.0,2.0,77980.0,1.0,3900.0,72.0,3899.0,8.0,3900.0,3885.0
2018-04-24 21:05:49.000,rb1805,3899.0,10.0,389900.0,1.0,3900.0,72.0,3899.0,13.0,3900.0,3885.0
2018-04-24 21:05:49.500,rb1805,3899.0,2.0,77980.0,1.0,3900.0,69.0,3899.0,15.0,3900.0,3885.0
2018-04-24 21:05:50.000,rb1805,3900.0,56.0,2184000.0,1.0,3900.0,27.0,3899.0,23.0,3900.0,3885.0
2018-04-24 21:05:50.500,rb1805,3900.0,54.0,2106000.0,1.0,3901.0,82.0,3899.0,23.0,3900.0,3885.0
2018-04-24 21:05:51.000,rb1805,3900.0,0.0,0.0,1.0,3900.0,5.0,3899.0,23.0,3900.0,3885.0
2018-04-24 21:05:51.500,rb1805,3899.0,4.0,155960.0,1.0,3900.0,5.0,3899.0,21.0,3900.0,3885.0
2018-04-24 21:05:52.000,rb1805,3899.0,48.0,1871520.0,1.0,3899.0,9.0,3898.0,194.0,3900.0,3885.0
2018-04-24 21:05:52.500,rb1805,3899.0,20.0,779800.0,1.0,3900.0,5.0,3899.0,6.0,3900.0,3885.0
2018-04-24 21:05:53.000,rb1805,3899.0,2.0,77980.0,1.0,3900.0,5.0,3899.0,11.0,3900.0,3885.0
2018-04-24 21:05:53.500,rb1805,3900.0,14.0,545980.0,1.0,3901.0,85.0,3900.0,45.0,3900.0,3885.0
2018-04-24 21:05:54.000,rb1805,3901.0,4.0,156020.0,1.0,3901.0,84.0,3900.0,48.0,3901.0,3885.0
2018-04-24 21:05:54.500,rb1805,3902.0,210.0,8192180.0,1.0,3902.0,84.0,3900.0,41.0,3902.0,3885.0
2018-04-24 21:05:55.000,rb1805,3902.0,32.0,1248300.0,1.0,3902.0,83.0,3900.0,49.0,3902.0,3885.0
2018-04-24 21:05:55.500,rb1805,3902.0,4.0,156040.0,1.0,3902.0,82.0,3900.0,48.0,3902.0,3885.0
2018-04-24 21:05:56.000,rb1805,3903.0,182.0,7101760.0,1.0,3903.0,61.0,3900.0,48.0,3903.0,3885.0
2018-04-24 21:05:56.500,rb1805,3903.0,24.0,936540.0,1.0,3903.0,56.0,3900.0,48.0,3903.0,3885.0
2018-04-24 21:05:57.000,rb1805,3901.0,2.0,78020.0,1.0,3902.0,1.0,3900.0,73.0,3903.0,3885.0
2018-04-24 21:05:57.500,rb1805,3901.0,2.0,78020.0,1.0,3902.0,6.0,3900.0,75.0,3903.0,3885.0
2018-04-24 21:05:58.000,rb1805,3902.0,6.0,234080.0,1.0,3902.0,12.0,3900.0,75.0,3903.0,3885.0
2018-04-24 21:05:58.500,rb1805,3902.0,4.0,156040.0,1.0,3902.0,12.0,3900.0,74.0,3903.0,3885.0
2018-04-24 21:05:59.000,rb1805,3902.0,4.0,156040.0,1.0,3902.0,11.0,3900.0,74.0,3903.0,3885.0
2018-04-24 21:05:59.500,rb1805,3902.0,4.0,156040.0,1.0,3902.0,10.0,3900.0,73.0,3903.0,3885.0
2018-04-24 21:06:00.000,rb1805,3900.0,196.0,7645300.0,1.0,3900.0,2.0,3899.0,12.0,3903.0,3885.0
2018-04-24 21:06:00.500,rb1805,3901.0,8.0,312020.0,1.0,3901.0,4.0,3900.0,18.0,3903.0,3885.0
2018-04-24 21:06:01.000,rb1805,3903.0,2.0,78060.0,1.0,3903.0,45.0,3901.0,4.0,3903.0,3885.0
2018-04-24 21:06:01.500,rb1805,3903.0,0.0,0.0,1.0,3902.0,1.0,3901.0,4.0,3903.0,3885.0
2018-04-24 21:06:02.000,rb1805,3903.0,0.0,0.0,1.0,3902.0,4.0,3901.0,14.0,3903.0,3885.0
2018-04-24 21:06:02.500,rb1805,3901.0,28.0,1092280.0,1.0,3902.0,11.0,3901.0,1.0,3903.0,3885.0
2018-04-24 21:06:03.000,rb1805,3902.0,2.0,78040.0,1.0,3902.0,3.0,3901.0,3.0,3903.0,3885.0
2018-04-24 21:06:03.500,rb1805,3902.0,2.0,78040.0,1.0,3902.0,3.0,3901.0,5.0,3903.0,3885.0
2018-04-24 21:06:04.000,rb1805,3901.0,10.0,390100.0,1.0,3902.0,4.0,3901.0,37.0,3903.0,3885.0
2018-04-24 21:06:04.500,rb1805,3901.0,0.0,0.0,1.0,3902.0,2.0,3901.0,40.0,3903.0,3885.0
2018-04-24 21:06:05.000,rb1805,3902.0,4.0,156080.0,1.0,3903.0,48.0,3902.0,14.0,3903.0,3885.0
2018-04-24 21:06:05.500,rb1805,3902.0,34.0,1326680.0,1.0,3903.0,57.0,3902.0,17.0,3903.0,3885.0
2018-04-24 21:06:06.000,rb1805,3902.0,0.0,0.0,1.0,3903.0,62.0,3902.0,22.0,3903.0,3885.0
2018-04-24 21:06:06.500,rb1805,3902.0,0.0,0.0,1.0,3903.0,63.0,3902.0,23.0,3903.0,3885.0
2018-04-24 21:06:07.000,rb1805,3902.0,46.0,1794920.0,1.0,3902.0,3.0,3901.0,40.0,3903.0,3885.0
2018-04-24 21:06:07.500,rb1805,3901.0,2.0,78020.0,1.0,3902.0,3.0,3901.0,36.0,3903.0,3885.0
2018-04-24 21:06:08.000,rb1805,3901.0,2.0,78020.0,1.0,3902.0,8.0,3901.0,35.0,3903.0,3885.0
2018-04-24 21:06:08.500,rb1805,3902.0,4.0,156060.0,1.0,3902.0,9.0,3901.0,34.0,3903.0,3885.0
2018-04-24 21:06:09.000,rb1805,3902.0,10.0,390180.0,1.0,3902.0,5.0,3901.0,33.0,3903.0,3885.0
2018-04-24 21:06:09.500,rb1805,3902.0,4.0,156060.0,1.0,3902.0,4.0,3901.0,32.0,3903.0,3885.0
2018-04-24 21:06:10.000,rb1805,3901.0,2.0,78020.0,1.0,3902.0,4.0,3901.0,31.0,3903.0,3885.0
2018-04-24 21:06:10.500,rb1805,3901.0,66.0,2574680.0,1.0,3902.0,3.0,3901.0,1.0,3903.0,3885.0
2018-04-24 21:06:11.000,rb1805,3901.0,2.0,78020.0,1.0,3902.0,4.0,3900.0,29.0,3903.0,3885.0
2018-04-24 21:06:11.500,rb1805,3902.0,10.0,390160.0,1.0,3902.0,1.0,3900.0,29.0,3903.0,3885.0
2018-04-24 21:06:12.000,rb1805,3901.0,56.0,2184060.0,1.0,3901.0,4.0,3900.0,5.0,3903.0,3885.0
2018-04-24 21:06:12.500,rb1805,3902.0,6.0,234040.0,1.0,3902.0,10.0,3900.0,6.0,3903.0,3885.0
2018-04-24 21:06:13.000,rb1805,3902.0,0.0,0.0,1.0,3902.0,21.0,3900.0,3.0,3903.0,3885.0
2018-04-24 21:06:13.500,rb1805,3902.0,0.0,0.0,1.0,3902.0,22.0,3900.0,7.0,3903.0,3885.0
2018-04-24 21:06:14.000,rb1805,3900.0,14.0,546000.0,1.0,3902.0,22.0,3899.0,10.0,3903.0,3885.0
2018-04-24 21:06:14.500,rb1805,3900.0,0.0,0.0,1.0,3902.0,22.0,3901.0,1.0,3903.0,3885.0
2018-04-24 21:06:15.000,rb1805,3900.0,0.0,0.0,1.0,3902.0,33.0,3901.0,1.0,3903.0,3885.0
2018-04-24 21:06:15.500,rb1805,3901.0,2.0,78020.0,1.0,3902.0,34.0,3900.0,5.0,3903.0,3885.0
2018-04-24 21:06:16.000,rb1805,3901.0,0.0,0.0,1.0,3902.0,34.0,3900.0,2.0,3903.0,3885.0
2018-04-24 21:06:16.500,rb1805,3900.0,8.0,312080.0,1.0,3902.0,32.0,3899.0,16.0,3903.0,3885.0
2018-04-24 21:06:17.000,rb1805,3900.0,0.0,0.0,1.0,3901.0,1.0,3900.0,225.0,3903.0,3885.0
2018-04-24 21:06:17.500,rb1805,3902.0,4.0,156060.0,1.0,3902.0,26.0,3901.0,2.0,3903.0,3885.0
2018-04-24 21:06:18.000,rb1805,3902.0,6.0,234080.0,1.0,3902.0,17.0,3901.0,5.0,3903.0,3885.0
2018-04-24 21:06:18.500,rb1805,3901.0,2.0,78020.0,1.0,3902.0,22.0,3901.0,8.0,3903.0,3885.0
2018-04-24 21:06:19.000,rb1805,3902.0,2.0,78040.0,1.0,3902.0,21.0,3901.0,8.0,3903.0,3885.0
2018-04-24 21:06:19.500,rb1805,3901.0,22.0,858280.0,1.0,3902.0,18.0,3900.0,229.0,3903.0,3885.0
2018-04-24 21:06:20.000,rb1805,3902.0,4.0,156060.0,1.0,3902.0,15.0,3901.0,8.0,3903.0,3885.0
2018-04-24 21:06:20.500,rb1805,3901.0,6.0,234080.0,1.0,3902.0,18.0,3901.0,11.0,3903.0,3885.0
2018-04-24 21:06:21.000,rb1805,3901.0,24.0,936240.0,1.0,3902.0,18.0,3900.0,236.0,3903.0,3885.0
2018-04-24 21:06:21.500,rb1805,3901.0,2.0,78020.0,1.0,3902.0,18.0,3901.0,6.0,3903.0,3885.0
2018-04-24 21:06:22.000,rb1805,3902.0,12.0,468220.0,1.0,3902.0,13.0,3901.0,6.0,3903.0,3885.0
2018-04-24 21:06:22.500,rb1805,3901.0,14.0,546140.0,1.0,3902.0,13.0,3901.0,3.0,3903.0,3885.0
2018-04-24 21:06:23.000,rb1805,3901.0,4.0,156040.0,1.0,3902.0,13.0,3901.0,1.0,3903.0,3885.0
2018-04-24 21:06:23.500,rb1805,3901.0,6.0,234080.0,1.0,3902.0,12.0,3901.0,1.0,3903.0,3885.0
2018-04-24 21:06:24.000,rb1805,3901.0,2.0,78020.0,1.0,3902.0,12.0,3900.0,237.0,3903.0,3885.0
2018-04-24 21:06:24.500,rb1805,3900.0,2.0,78000.0,1.0,3902.0,13.0,3900.0,236.0,3903.0,3885.0
2018-04-24 21:06:25.000,rb1805,3900.0,152.0,5928000.0,1.0,3902.0,12.0,3900.0,160.0,3903.0,3885.0
2018-04-24 21:06:25.500,rb1805,3902.0,6.0,234080.0,1.0,3902.0,22.0,3900.0,161.0,3903.0,3885.0
2018-04-24 21:06:26.000,rb1805,3902.0,14.0,546220.0,1.0,3902.0,21.0,3900.0,160.0,3903.0,3885.0
2018-04-24 21:06:26.500,rb1805,3902.0,12.0,468200.0,1.0,3902.0,17.0,3900.0,159.0,3903.0,3885.0
2018-04-24 21:06:27.000,rb1805,3900.0,2.0,78000.0,1.0,3902.0,29.0,3900.0,158.0,3903.0,3885.0
2018-04-24 21:06:27.500,rb1805,3900.0,0.0,0.0,1.0,3902.0,29.0,3900.0,158.0,3903.0,3885.0
2018-04-24 21:06:28.000,rb1805,3902.0,66.0,2575280.0,1.0,3903.0,71.0,3900.0,158.0,3903.0,3885.0
2018-04-24 21:06:28.500,rb1805,3901.0,2.0,78020.0,1.0,3902.0,1.0,3901.0,9.0,3903.0,3885.0
2018-04-24 21:06:29.000,rb1805,3902.0,6.0,234100.0,1.0,3903.0,66.0,3901.0,23.0,3903.0,3885.0
2018-04-24 21:06:29.500,rb1805,3901.0,2.0,78020.0,1.0,3902.0,1.0,3901.0,22.0,3903.0,3885.0
2018-04-24 21:06:30.000,rb1805,3903.0,6.0,234120.0,1.0,3903.0,70.0,3901.0,21.0,3903.0,3885.0
2018-04-24 21:06:30.500,rb1805,3901.0,2.0,78020.0,1.0,3902.0,5.0,3901.0,20.0,3903.0,3885.0
2018-04-24 21:06:31.000,rb1805,3901.0,12.0,468220.0,1.0,3902.0,1.0,3901.0,19.0,3903.0,3885.0
2018-04-24 21:06:31.500,rb1805,3901.0,4.0,156060.0,1.0,3903.0,72.0,3901.0,30.0,3903.0,3885.0
2018-04-24 21:06:32.000,rb1805,3901.0,2.0,78020.0,1.0,3902.0,2.0,3901.0,27.0,3903.0,3885.0
2018-04-24 21:06:32.500,rb1805,3902.0,6.0,234080.0,1.0,3902.0,1.0,3901.0,27.0,3903.0,3885.0
2018-04-24 21:06:33.000,rb1805,3901.0,8.0,312100.0,1.0,3903.0,76.0,3901.0,24.0,3903.0,3885.0
2018-04-24 21:06:33.500,rb1805,3901.0,2.0,78020.0,1.0,3902.0,5.0,3901.0,25.0,3903.0,3885.0
2018-04-24 21:06:34.000,rb1805,3901.0,2.0,78020.0,1.0,3902.0,4.0,3901.0,27.0,3903.0,3885.0
2018-04-24 21:06:34.500,rb1805,3901.0,2.0,78020.0,1.0,3902.0,4.0,3901.0,26.0,3903.0,3885.0
2018-04-24 21:06:35.000,rb1805,3901.0,2.0,78020.0,1.0,3902.0,9.0,3901.0,24.0,3903.0,3885.0
2018-04-24 21:06:35.500,rb1805,3902.0,18.0,702340.0,1.0,3903.0,76.0,3902.0,2.0,3903.0,3885.0
2018-04-24 21:06:36.000,rb1805,3902.0,4.0,156080.0,1.0,3902.0,2.0,3901.0,25.0,3903.0,3885.0
2018-04-24 21:06:36.500,rb1805,3902.0,4.0,156080.0,1.0,3903.0,76.0,3901.0,31.0,3903.0,3885.0
2018-04-24 21:06:37.000,rb1805,3901.0,2.0,78020.0,1.0,3902.0,1.0,3901.0,30.0,3903.0,3885.0
2018-04-24 21:06:37.500,rb1805,3901.0,0.0,0.0,1.0,3902.0,2.0,3901.0,32.0,3903.0,3885.0
2018-04-24 21:06:38.000,rb1805,3901.0,0.0,0.0,1.0,3902.0,2.0,3901.0,31.0,3903.0,3885.0
2018-04-24 21:06:38.500,rb1805,3901.0,0.0,0.0,1.0,3902.0,2.0,3901.0,33.0,3903.0,3885.0
2018-04-24 21:06:39.000,rb1805,3902.0,2.0,78040.0,1.0,3902.0,2.0,3901.0,33.0,3903.0,3885.0
2018-04-24 21:06:39.500,rb1805,3902.0,2.0,78040.0,1.0,3902.0,1.0,3901.0,34.0,3903.0,3885.0
2018-04-24 21:06:40.000,rb1805,3902.0,2.0,78040.0,1.0,3903.0,75.0,3901.0,34.0,3903.0,3885.0
2018-04-24 21:06:40.500,rb1805,3902.0,0.0,0.0,1.0,3903.0,115.0,3902.0,12.0,3903.0,3885.0
2018-04-24 21:06:41.000,rb1805,3903.0,34.0,1326980.0,1.0,3903.0,95.0,3902.0,10.0,3903.0,3885.0
2018-04-24 21:06:41.500,rb1805,3902.0,4.0,156080.0,1.0,3903.0,95.0,3902.0,9.0,3903.0,3885.0
2018-04-24 21:06:42.000,rb1805,3902.0,4.0,156080.0,1.0,3903.0,95.0,3902.0,7.0,3903.0,3885.0
2018-04-24 21:06:42.500,rb1805,3902.0,2.0,78040.0,1.0,3903.0,95.0,3902.0,6.0,3903.0,3885.0
2018-04-24 21:06:43.000,rb1805,3902.0,2.0,78040.0,1.0,3903.0,95.0,3902.0,5.0,3903.0,3885.0
2018-04-24 21:06:43.500,rb1805,3902.0,12.0,468240.0,1.0,3902.0,4.0,3901.0,32.0,3903.0,3885.0
2018-04-24 21:06:44.000,rb1805,3901.0,2.0,78020.0,1.0,3902.0,12.0,3901.0,32.0,3903.0,3885.0
2018-04-24 21:06:44.500,rb1805,3901.0,0.0,0.0,1.0,3902.0,12.0,3901.0,22.0,3903.0,3885.0
2018-04-24 21:06:45.000,rb1805,3901.0,0.0,0.0,1.0,3902.0,4.0,3901.0,19.0,3903.0,3885.0
2018-04-24 21:06:45.500,rb1805,3901.0,0.0,0.0,1.0,3902.0,4.0,3901.0,34.0,3903.0,3885.0
2018-04-24 21:06:46.000,rb1805,3902.0,2.0,78040.0,1.0,3902.0,3.0,3901.0,34.0,3903.0,3885.0
2018-04-24 21:06:46.500,rb1805,3902.0,2.0,78040.0,1.0,3902.0,32.0,3901.0,34.0,3903.0,3885.0
2018-04-24 21:06:47.000,rb1805,3902.0,0.0,0.0,1.0,3902.0,32.0,3901.0,31.0,3903.0,3885.0
2018-04-24 21:06:47.500,rb1805,3902.0,8.0,312160.0,1.0,3902.0,28.0,3901.0,31.0,3903.0,3885.0
2018-04-24 21:06:48.000,rb1805,3902.0,0.0,0.0,1.0,3902.0,28.0,3901.0,31.0,3903.0,3885.0
2018-04-24 21:06:48.500,rb1805,3902.0,10.0,390200.0,1.0,3902.0,23.0,3901.0,31.0,3903.0,3885.0
2018-04-24 21:06:49.000,rb1805,3902.0,0.0,0.0,1.0,3902.0,23.0,3901.0,33.0,3903.0,3885.0
2018-04-24 21:06:49.500,rb1805,3902.0,2.0,78040.0,1.0,3902.0,22.0,3901.0,35.0,3903.0,3885.0
2018-04-24 21:06:50.000,rb1805,3902.0,0.0,0.0,1.0,3902.0,23.0,3901.0,35.0,3903.0,3885.0
2018-04-24 21:06:50.500,rb1805,3902.0,0.0,0.0,1.0,3902.0,23.0,3901.0,35.0,3903.0,3885.0
2018-04-24 21:06:51.000,rb1805,3902.0,20.0,780400.0,1.0,3902.0,13.0,3901.0,35.0,3903.0,3885.0
2018-04-24 21:06:51.500,rb1805,3901.0,4.0,156040.0,1.0,3902.0,13.0,3901.0,34.0,3903.0,3885.0
2018-04-24 21:06:52.000,rb1805,3901.0,0.0,0.0,1.0,3902.0,13.0,3901.0,31.0,3903.0,3885.0
2018-04-24 21:06:52.500,rb1805,3901.0,8.0,312080.0,1.0,3902.0,18.0,3901.0,27.0,3903.0,3885.0
2018-04-24 21:06:53.000,rb1805,3901.0,0.0,0.0,1.0,3902.0,26.0,3901.0,15.0,3903.0,3885.0
2018-04-24 21:06:53.500,rb1805,3901.0,8.0,312120.0,1.0,3902.0,24.0,3901.0,13.0,3903.0,3885.0
2018-04-24 21:06:54.000,rb1805,3901.0,4.0,156040.0,1.0,3902.0,24.0,3901.0,12.0,3903.0,3885.0
2018-04-24 21:06:54.500,rb1805,3901.0,0.0,0.0,1.0,3902.0,24.0,3901.0,13.0,3903.0,3885.0
2018-04-24 21:06:55.000,rb1805,3901.0,0.0,0.0,1.0,3902.0,24.0,3901.0,13.0,3903.0,3885.0
2018-04-24 21:06:55.500,rb1805,3901.0,0.0,0.0,1.0,3902.0,25.0,3901.0,13.0,3903.0,3885.0
2018-04-24 21:06:56.000,rb1805,3902.0,2.0,78040.0,1.0,3902.0,11.0,3901.0,25.0,3903.0,3885.0
2018-04-24 21:06:56.500,rb1805,3902.0,22.0,858440.0,1.0,3903.0,101.0,3902.0,14.0,3903.0,3885.0
2018-04-24 21:06:57.000,rb1805,3902.0,2.0,78040.0,1.0,3903.0,101.0,3902.0,13.0,3903.0,3885.0
2018-04-24 21:06:57.500,rb1805,3902.0,0.0,0.0,1.0,3903.0,101.0,3902.0,13.0,3903.0,3885.0
2018-04-24 21:06:58.000,rb1805,3902.0,0.0,0.0,1.0,3903.0,101.0,3902.0,13.0,3903.0,3885.0
2018-04-24 21:06:58.500,rb1805,3902.0,2.0,78040.0,1.0,3903.0,101.0,3902.0,12.0,3903.0,3885.0
2018-04-24 21:06:59.000,rb1805,3902.0,0.0,0.0,1.0,3903.0,101.0,3902.0,12.0,3903.0,3885.0
2018-04-24 21:06:59.500,rb1805,3902.0,2.0,78040.0,1.0,3903.0,101.0,3902.0,11.0,3903.0,3885.0
2018-04-24 21:07:00.000,rb1805,3902.0,2.0,78040.0,1.0,3903.0,101.0,3902.0,10.0,3903.0,3885.0
2018-04-24 21:07:00.500,rb1805,3902.0,14.0,546280.0,1.0,3903.0,101.0,3902.0,3.0,3903.0,3885.0
2018-04-24 21:07:01.000,rb1805,3903.0,76.0,2966220.0,1.0,3903.0,66.0,3901.0,26.0,3903.0,3885.0
2018-04-24 21:07:01.500,rb1805,3903.0,0.0,0.0,1.0,3903.0,70.0,3901.0,27.0,3903.0,3885.0
2018-04-24 21:07:02.000,rb1805,3903.0,0.0,0.0,1.0,3903.0,75.0,3901.0,27.0,3903.0,3885.0
2018-04-24 21:07:02.500,rb1805,3903.0,0.0,0.0,1.0,3903.0,65.0,3901.0,26.0,3903.0,3885.0
2018-04-24 21:07:03.000,rb1805,3903.0,2.0,78060.0,1.0,3903.0,74.0,3901.0,26.0,3903.0,3885.0
2018-04-24 21:07:03.500,rb1805,3903.0,0.0,0.0,1.0,3903.0,74.0,3901.0,26.0,3903.0,3885.0
2018-04-24 21:07:04.000,rb1805,3903.0,4.0,156120.0,1.0,3903.0,72.0,3901.0,26.0,3903.0,3885.0
2018-04-24 21:07:04.500,rb1805,3903.0,0.0,0.0,1.0,3903.0,72.0,3901.0,24.0,3903.0,3885.0
2018-04-24 21:07:05.000,rb1805,3901.0,8.0,312120.0,1.0,3903.0,71.0,3901.0,21.0,3903.0,3885.0
2018-04-24 21:07:05.500,rb1805,3901.0,0.0,0.0,1.0,3903.0,72.0,3901.0,21.0,3903.0,3885.0
2018-04-24 21:07:06.000,rb1805,3901.0,0.0,0.0,1.0,3903.0,72.0,3901.0,21.0,3903.0,3885.0
2018-04-24 21:07:06.500,rb1805,3901.0,0.0,0.0,1.0,3902.0,2.0,3901.0,21.0,3903.0,3885.0
2018-04-24 21:07:07.000,rb1805,3902.0,4.0,156080.0,1.0,3903.0,72.0,3901.0,24.0,3903.0,3885.0
2018-04-24 21:07:07.500,rb1805,3902.0,0.0,0.0,1.0,3902.0,3.0,3901.0,21.0,3903.0,3885.0
2018-04-24 21:07:08.000,rb1805,3902.0,0.0,0.0,1.0,3902.0,3.0,3901.0,24.0,3903.0,3885.0
2018-04-24 21:07:08.500,rb1805,3903.0,10.0,390240.0,1.0,3903.0,70.0,3901.0,24.0,3903.0,3885.0
2018-04-24 21:07:09.000,rb1805,3903.0,0.0,0.0,1.0,3903.0,70.0,3901.0,21.0,3903.0,3885.0
2018-04-24 21:07:09.500,rb1805,3902.0,4.0,156080.0,1.0,3903.0,71.0,3901.0,22.0,3903.0,3885.0
2018-04-24 21:07:10.000,rb1805,3901.0,2.0,78020.0,1.0,3902.0,1.0,3901.0,21.0,3903.0,3885.0
2018-04-24 21:07:10.500,rb1805,3901.0,0.0,0.0,1.0,3902.0,23.0,3901.0,21.0,3903.0,3885.0
2018-04-24 21:07:11.000,rb1805,3901.0,18.0,702180.0,1.0,3901.0,14.0,3900.0,386.0,3903.0,3885.0
2018-04-24 21:07:11.500,rb1805,3901.0,2.0,78020.0,1.0,3901.0,18.0,3900.0,386.0,3903.0,3885.0
2018-04-24 21:07:12.000,rb1805,3901.0,20.0,780200.0,1.0,3901.0,8.0,3900.0,306.0,3903.0,3885.0
2018-04-24 21:07:12.500,rb1805,3901.0,10.0,390100.0,1.0,3901.0,3.0,3900.0,306.0,3903.0,3885.0
2018-04-24 21:07:13.000,rb1805,3901.0,0.0,0.0,1.0,3902.0,29.0,3900.0,306.0,3903.0,3885.0
2018-04-24 21:07:13.500,rb1805,3901.0,0.0,0.0,1.0,3902.0,29.0,3900.0,306.0,3903.0,3885.0
2018-04-24 21:07:14.000,rb1805,3901.0,0.0,0.0,1.0,3902.0,29.0,3901.0,2.0,3903.0,3885.0
2018-04-24 21:07:14.500,rb1805,3901.0,0.0,0.0,1.0,3902.0,29.0,3901.0,2.0,3903.0,3885.0
2018-04-24 21:07:15.000,rb1805,3901.0,0.0,0.0,1.0,3902.0,29.0,3901.0,2.0,3903.0,3885.0
2018-04-24 21:07:15.500,rb1805,3901.0,2.0,78020.0,1.0,3902.0,29.0,3901.0,1.0,3903.0,3885.0
2018-04-24 21:07:16.000,rb1805,3901.0,0.0,0.0,1.0,3902.0,28.0,3901.0,1.0,3903.0,3885.0
2018-04-24 21:07:16.500,rb1805,3902.0,46.0,1794920.0,1.0,3903.0,71.0,3902.0,37.0,3903.0,3885.0
2018-04-24 21:07:17.000,rb1805,3902.0,74.0,2887480.0,1.0,3903.0,66.0,3902.0,10.0,3903.0,3885.0
2018-04-24 21:07:17.500,rb1805,3902.0,18.0,702360.0,1.0,3903.0,65.0,3902.0,1.0,3903.0,3885.0
2018-04-24 21:07:18.000,rb1805,3900.0,6.0,234060.0,1.0,3902.0,1.0,3900.0,304.0,3903.0,3885.0
2018-04-24 21:07:18.500,rb1805,3900.0,0.0,0.0,1.0,3902.0,2.0,3901.0,3.0,3903.0,3885.0
2018-04-24 21:07:19.000,rb1805,3900.0,0.0,0.0,1.0,3902.0,13.0,3901.0,3.0,3903.0,3885.0
2018-04-24 21:07:19.500,rb1805,3902.0,2.0,78040.0,1.0,3902.0,1.0,3901.0,13.0,3903.0,3885.0
2018-04-24 21:07:20.000,rb1805,3902.0,0.0,0.0,1.0,3902.0,1.0,3901.0,31.0,3903.0,3885.0
2018-04-24 21:07:20.500,rb1805,3902.0,2.0,78040.0,1.0,3903.0,67.0,3901.0,31.0,3903.0,3885.0
2018-04-24 21:07:21.000,rb1805,3902.0,0.0,0.0,1.0,3902.0,1.0,3901.0,125.0,3903.0,3885.0
2018-04-24 21:07:21.500,rb1805,3902.0,2.0,78040.0,1.0,3903.0,66.0,3902.0,11.0,3903.0,3885.0
2018-04-24 21:07:22.000,rb1805,3902.0,8.0,312160.0,1.0,3903.0,68.0,3902.0,116.0,3903.0,3885.0
2018-04-24 21:07:22.500,rb1805,3902.0,2.0,78040.0,1.0,3903.0,65.0,3902.0,118.0,3903.0,3885.0
2018-04-24 21:07:23.000,rb1805,3902.0,2.0,78040.0,1.0,3903.0,55.0,3902.0,119.0,3903.0,3885.0
2018-04-24 21:07:23.500,rb1805,3902.0,2.0,78040.0,1.0,3903.0,55.0,3902.0,118.0,3903.0,3885.0
2018-04-24 21:07:24.000,rb1805,3902.0,0.0,0.0,1.0,3903.0,56.0,3902.0,118.0,3903.0,3885.0
2018-04-24 21:07:24.500,rb1805,3902.0,0.0,0.0,1.0,3903.0,56.0,3902.0,118.0,3903.0,3885.0
2018-04-24 21:07:25.000,rb1805,3902.0,0.0,0.0,1.0,3903.0,56.0,3902.0,118.0,3903.0,3885.0
2018-04-24 21:07:25.500,rb1805,3902.0,0.0,0.0,1.0,3903.0,57.0,3902.0,119.0,3903.0,3885.0
2018-04-24 21:07:26.000,rb1805,3902.0,0.0,0.0,1.0,3903.0,57.0,3902.0,119.0,3903.0,3885.0
2018-04-24 21:07:26.500,rb1805,3902.0,6.0,234120.0,1.0,3903.0,57.0,3902.0,116.0,3903.0,3885.0
2018-04-24 21:07:27.000,rb1805,3902.0,0.0,0.0,1.0,3903.0,57.0,3902.0,115.0,3903.0,3885.0
2018-04-24 21:07:27.500,rb1805,3902.0,2.0,78040.0,1.0,3903.0,17.0,3902.0,116.0,3903.0,3885.0
2018-04-24 21:07:28.000,rb1805,3903.0,24.0,936720.0,1.0,3903.0,5.0,3902.0,117.0,3903.0,3885.0
2018-04-24 21:07:28.500,rb1805,3903.0,10.0,390300.0,1.0,3904.0,100.0,3902.0,117.0,3903.0,3885.0
2018-04-24 21:07:29.000,rb1805,3902.0,8.0,312160.0,1.0,3904.0,102.0,3902.0,113.0,3903.0,3885.0
2018-04-24 21:07:29.500,rb1805,3902.0,0.0,0.0,1.0,3904.0,103.0,3903.0,5.0,3903.0,3885.0
2018-04-24 21:07:30.000,rb1805,3903.0,10.0,390300.0,1.0,3903.0,2.0,3902.0,112.0,3903.0,3885.0
2018-04-24 21:07:30.500,rb1805,3903.0,0.0,0.0,1.0,3903.0,5.0,3902.0,112.0,3903.0,3885.0
2018-04-24 21:07:31.000,rb1805,3903.0,2.0,78060.0,1.0,3903.0,5.0,3902.0,112.0,3903.0,3885.0
2018-04-24 21:07:31.500,rb1805,3903.0,0.0,0.0,1.0,3903.0,5.0,3902.0,113.0,3903.0,3885.0
2018-04-24 21:07:32.000,rb1805,3903.0,0.0,0.0,1.0,3903.0,5.0,3902.0,113.0,3903.0,3885.0
2018-04-24 21:07:32.500,rb1805,3903.0,0.0,0.0,1.0,3903.0,5.0,3902.0,113.0,3903.0,3885.0
2018-04-24 21:07:33.000,rb1805,3903.0,0.0,0.0,1.0,3903.0,5.0,3902.0,113.0,3903.0,3885.0
2018-04-24 21:07:33.500,rb1805,3902.0,200.0,7804000.0,1.0,3903.0,6.0,3902.0,14.0,3903.0,3885.0
2018-04-24 21:07:34.000,rb1805,3902.0,10.0,390200.0,1.0,3903.0,17.0,3902.0,4.0,3903.0,3885.0
2018-04-24 21:07:34.500,rb1805,3902.0,0.0,0.0,1.0,3903.0,27.0,3902.0,7.0,3903.0,3885.0
2018-04-24 21:07:35.000,rb1805,3903.0,8.0,312240.0,1.0,3903.0,23.0,3902.0,7.0,3903.0,3885.0
2018-04-24 21:07:35.500,rb1805,3903.0,0.0,0.0,1.0,3903.0,23.0,3902.0,7.0,3903.0,3885.0
2018-04-24 21:07:36.000,rb1805,3902.0,18.0,702400.0,1.0,3902.0,53.0,3901.0,128.0,3903.0,3885.0
2018-04-24 21:07:36.500,rb1805,3902.0,0.0,0.0,1.0,3902.0,53.0,3901.0,129.0,3903.0,3885.0
2018-04-24 21:07:37.000,rb1805,3902.0,10.0,390200.0,1.0,3902.0,48.0,3901.0,124.0,3903.0,3885.0
2018-04-24 21:07:37.500,rb1805,3902.0,2.0,78040.0,1.0,3902.0,47.0,3901.0,124.0,3903.0,3885.0
2018-04-24 21:07:38.000,rb1805,3902.0,2.0,78040.0,1.0,3902.0,46.0,3901.0,124.0,3903.0,3885.0
2018-04-24 21:07:38.500,rb1805,3902.0,0.0,0.0,1.0,3902.0,46.0,3901.0,124.0,3903.0,3885.0
2018-04-24 21:07:39.000,rb1805,3902.0,0.0,0.0,1.0,3902.0,46.0,3901.0,124.0,3903.0,3885.0
2018-04-24 21:07:39.500,rb1805,3902.0,0.0,0.0,1.0,3902.0,46.0,3901.0,125.0,3903.0,3885.0
2018-04-24 21:07:40.000,rb1805,3902.0,0.0,0.0,1.0,3902.0,46.0,3901.0,125.0,3903.0,3885.0
2018-04-24 21:07:40.500,rb1805,3902.0,0.0,0.0,1.0,3902.0,46.0,3901.0,125.0,3903.0,3885.0
2018-04-24 21:07:41.000,rb1805,3902.0,14.0,546280.0,1.0,3902.0,39.0,3901.0,125.0,3903.0,3885.0
2018-04-24 21:07:41.500,rb1805,3902.0,4.0,156080.0,1.0,3902.0,37.0,3901.0,125.0,3903.0,3885.0
2018-04-24 21:07:42.000,rb1805,3902.0,0.0,0.0,1.0,3902.0,37.0,3901.0,125.0,3903.0,3885.0
2018-04-24 21:07:42.500,rb1805,3902.0,0.0,0.0,1.0,3902.0,37.0,3901.0,125.0,3903.0,3885.0
2018-04-24 21:07:43.000,rb1805,3902.0,0.0,0.0,1.0,3902.0,37.0,3901.0,125.0,3903.0,3885.0
2018-04-24 21:07:43.500,rb1805,3902.0,2.0,78040.0,1.0,3902.0,36.0,3901.0,125.0,3903.0,3885.0
2018-04-24 21:07:44.000,rb1805,3901.0,2.0,78020.0,1.0,3902.0,36.0,3901.0,124.0,3903.0,3885.0
2018-04-24 21:07:44.500,rb1805,3901.0,4.0,156060.0,1.0,3902.0,35.0,3901.0,123.0,3903.0,3885.0
2018-04-24 21:07:45.000,rb1805,3901.0,0.0,0.0,1.0,3902.0,35.0,3901.0,125.0,3903.0,3885.0
2018-04-24 21:07:45.500,rb1805,3902.0,6.0,234120.0,1.0,3902.0,32.0,3901.0,125.0,3903.0,3885.0
2018-04-24 21:07:46.000,rb1805,3902.0,20.0,780400.0,1.0,3902.0,22.0,3901.0,125.0,3903.0,3885.0
2018-04-24 21:07:46.500,rb1805,3902.0,0.0,0.0,1.0,3902.0,22.0,3901.0,125.0,3903.0,3885.0
2018-04-24 21:07:47.000,rb1805,3902.0,26.0,1014520.0,1.0,3902.0,9.0,3901.0,124.0,3903.0,3885.0
2018-04-24 21:07:47.500,rb1805,3902.0,0.0,0.0,1.0,3902.0,9.0,3901.0,124.0,3903.0,3885.0
2018-04-24 21:07:48.000,rb1805,3902.0,10.0,390200.0,1.0,3902.0,4.0,3901.0,124.0,3903.0,3885.0
2018-04-24 21:07:48.500,rb1805,3901.0,14.0,546160.0,1.0,3902.0,13.0,3901.0,118.0,3903.0,3885.0
2018-04-24 21:07:49.000,rb1805,3902.0,6.0,234120.0,1.0,3903.0,22.0,3901.0,118.0,3903.0,3885.0
2018-04-24 21:07:49.500,rb1805,3902.0,0.0,0.0,1.0,3903.0,12.0,3901.0,118.0,3903.0,3885.0
2018-04-24 21:07:50.000,rb1805,3902.0,0.0,0.0,1.0,3903.0,12.0,3902.0,2.0,3903.0,3885.0
2018-04-24 21:07:50.500,rb1805,3902.0,0.0,0.0,1.0,3903.0,12.0,3902.0,5.0,3903.0,3885.0
2018-04-24 21:07:51.000,rb1805,3902.0,0.0,0.0,1.0,3903.0,11.0,3902.0,17.0,3903.0,3885.0
2018-04-24 21:07:51.500,rb1805,3902.0,0.0,0.0,1.0,3903.0,11.0,3902.0,17.0,3903.0,3885.0
2018-04-24 21:07:52.000,rb1805,3902.0,0.0,0.0,1.0,3903.0,11.0,3902.0,30.0,3903.0,3885.0
2018-04-24 21:07:52.500,rb1805,3902.0,0.0,0.0,1.0,3903.0,11.0,3902.0,30.0,3903.0,3885.0
2018-04-24 21:07:53.000,rb1805,3902.0,0.0,0.0,1.0,3903.0,21.0,3902.0,30.0,3903.0,3885.0
2018-04-24 21:07:53.500,rb1805,3902.0,2.0,78040.0,1.0,3903.0,22.0,3902.0,26.0,3903.0,3885.0
2018-04-24 21:07:54.000,rb1805,3902.0,0.0,0.0,1.0,3903.0,27.0,3902.0,26.0,3903.0,3885.0
2018-04-24 21:07:54.500,rb1805,3902.0,36.0,1404740.0,1.0,3902.0,9.0,3901.0,129.0,3903.0,3885.0
2018-04-24 21:07:55.000,rb1805,3902.0,20.0,780400.0,1.0,3903.0,30.0,3901.0,124.0,3903.0,3885.0
2018-04-24 21:07:55.500,rb1805,3902.0,0.0,0.0,1.0,3903.0,30.0,3901.0,124.0,3903.0,3885.0
2018-04-24 21:07:56.000,rb1805,3902.0,2.0,78040.0,1.0,3902.0,7.0,3901.0,124.0,3903.0,3885.0
2018-04-24 21:07:56.500,rb1805,3902.0,4.0,156080.0,1.0,3902.0,5.0,3901.0,124.0,3903.0,3885.0
2018-04-24 21:07:57.000,rb1805,3902.0,0.0,0.0,1.0,3902.0,5.0,3901.0,124.0,3903.0,3885.0
2018-04-24 21:07:57.500,rb1805,3902.0,0.0,0.0,1.0,3902.0,5.0,3901.0,124.0,3903.0,3885.0
2018-04-24 21:07:58.000,rb1805,3902.0,10.0,390200.0,1.0,3903.0,21.0,3902.0,95.0,3903.0,3885.0
2018-04-24 21:07:58.500,rb1805,3902.0,0.0,0.0,1.0,3903.0,30.0,3902.0,96.0,3903.0,3885.0
2018-04-24 21:07:59.000,rb1805,3902.0,0.0,0.0,1.0,3903.0,30.0,3902.0,100.0,3903.0,3885.0
2018-04-24 21:07:59.500,rb1805,3902.0,0.0,0.0,1.0,3903.0,30.0,3902.0,100.0,3903.0,3885.0
2018-04-24 21:08:00.000,rb1805,3902.0,0.0,0.0,1.0,3903.0,30.0,3902.0,100.0,3903.0,3885.0
2018-04-24 21:08:00.500,rb1805,3902.0,0.0,0.0,1.0,3903.0,30.0,3902.0,176.0,3903.0,3885.0
2018-04-24 21:08:01.000,rb1805,3902.0,0.0,0.0,1.0,3903.0,27.0,3902.0,176.0,3903.0,3885.0
2018-04-24 21:08:01.500,rb1805,3902.0,220.0,8584400.0,1.0,3903.0,27.0,3902.0,66.0,3903.0,3885.0
2018-04-24 21:08:02.000,rb1805,3902.0,0.0,0.0,1.0,3903.0,31.0,3902.0,66.0,3903.0,3885.0
2018-04-24 21:08:02.500,rb1805,3902.0,4.0,156080.0,1.0,3903.0,31.0,3902.0,64.0,3903.0,3885.0
2018-04-24 21:08:03.000,rb1805,3902.0,0.0,0.0,1.0,3903.0,31.0,3902.0,64.0,3903.0,3885.0
2018-04-24 21:08:03.500,rb1805,3902.0,32.0,1248640.0,1.0,3903.0,31.0,3902.0,49.0,3903.0,3885.0
2018-04-24 21:08:04.000,rb1805,3902.0,16.0,624320.0,1.0,3903.0,32.0,3902.0,47.0,3903.0,3885.0
2018-04-24 21:08:04.500,rb1805,3902.0,0.0,0.0,1.0,3903.0,32.0,3902.0,48.0,3903.0,3885.0
2018-04-24 21:08:05.000,rb1805,3902.0,0.0,0.0,1.0,3903.0,32.0,3902.0,48.0,3903.0,3885.0
2018-04-24 21:08:05.500,rb1805,3902.0,0.0,0.0,1.0,3903.0,45.0,3902.0,48.0,3903.0,3885.0
2018-04-24 21:08:06.000,rb1805,3902.0,2.0,78040.0,1.0,3903.0,45.0,3902.0,47.0,3903.0,3885.0
2018-04-24 21:08:06.500,rb1805,3902.0,0.0,0.0,1.0,3903.0,48.0,3902.0,47.0,3903.0,3885.0
2018-04-24 21:08:07.000,rb1805,3902.0,0.0,0.0,1.0,3903.0,52.0,3902.0,47.0,3903.0,3885.0
2018-04-24 21:08:07.500,rb1805,3902.0,0.0,0.0,1.0,3903.0,52.0,3902.0,47.0,3903.0,3885.0
2018-04-24 21:08:08.000,rb1805,3903.0,24.0,936520.0,1.0,3903.0,50.0,3902.0,37.0,3903.0,3885.0
2018-04-24 21:08:08.500,rb1805,3903.0,0.0,0.0,1.0,3903.0,50.0,3902.0,37.0,3903.0,3885.0
2018-04-24 21:08:09.000,rb1805,3903.0,0.0,0.0,1.0,3903.0,50.0,3902.0,38.0,3903.0,3885.0
2018-04-24 21:08:09.500,rb1805,3903.0,0.0,0.0,1.0,3903.0,40.0,3902.0,119.0,3903.0,3885.0
2018-04-24 21:08:10.000,rb1805,3903.0,0.0,0.0,1.0,3903.0,36.0,3902.0,120.0,3903.0,3885.0
2018-04-24 21:08:10.500,rb1805,3903.0,0.0,0.0,1.0,3903.0,36.0,3902.0,120.0,3903.0,3885.0
2018-04-24 21:08:11.000,rb1805,3903.0,0.0,0.0,1.0,3903.0,36.0,3902.0,119.0,3903.0,3885.0
2018-04-24 21:08:11.500,rb1805,3902.0,2.0,78040.0,1.0,3903.0,36.0,3902.0,118.0,3903.0,3885.0
2018-04-24 21:08:12.000,rb1805,3902.0,16.0,624320.0,1.0,3903.0,50.0,3902.0,110.0,3903.0,3885.0
2018-04-24 21:08:12.500,rb1805,3902.0,0.0,0.0,1.0,3903.0,50.0,3902.0,110.0,3903.0,3885.0
2018-04-24 21:08:13.000,rb1805,3902.0,0.0,0.0,1.0,3903.0,50.0,3902.0,115.0,3903.0,3885.0
2018-04-24 21:08:13.500,rb1805,3902.0,0.0,0.0,1.0,3903.0,50.0,3902.0,115.0,3903.0,3885.0
2018-04-24 21:08:14.000,rb1805,3903.0,4.0,156120.0,1.0,3903.0,48.0,3902.0,116.0,3903.0,3885.0
2018-04-24 21:08:14.500,rb1805,3903.0,2.0,78060.0,1.0,3903.0,47.0,3902.0,116.0,3903.0,3885.0
2018-04-24 21:08:15.000,rb1805,3903.0,0.0,0.0,1.0,3903.0,47.0,3902.0,116.0,3903.0,3885.0
2018-04-24 21:08:15.500,rb1805,3903.0,0.0,0.0,1.0,3903.0,47.0,3902.0,116.0,3903.0,3885.0
2018-04-24 21:08:16.000,rb1805,3903.0,10.0,390300.0,1.0,3903.0,42.0,3902.0,116.0,3903.0,3885.0
2018-04-24 21:08:16.500,rb1805,3903.0,0.0,0.0,1.0,3903.0,42.0,3902.0,116.0,3903.0,3885.0
2018-04-24 21:08:17.000,rb1805,3903.0,2.0,78060.0,1.0,3903.0,41.0,3902.0,116.0,3903.0,3885.0
2018-04-24 21:08:17.500,rb1805,3903.0,0.0,0.0,1.0,3903.0,40.0,3902.0,116.0,3903.0,3885.0
2018-04-24 21:08:18.000,rb1805,3903.0,0.0,0.0,1.0,3903.0,40.0,3902.0,116.0,3903.0,3885.0
2018-04-24 21:08:18.500,rb1805,3903.0,0.0,0.0,1.0,3903.0,37.0,3902.0,116.0,3903.0,3885.0
2018-04-24 21:08:19.000,rb1805,3903.0,0.0,0.0,1.0,3903.0,37.0,3902.0,116.0,3903.0,3885.0
2018-04-24 21:08:19.500,rb1805,3903.0,0.0,0.0,1.0,3903.0,43.0,3902.0,116.0,3903.0,3885.0
2018-04-24 21:08:20.000,rb1805,3903.0,0.0,0.0,1.0,3903.0,43.0,3902.0,116.0,3903.0,3885.0
2018-04-24 21:08:20.500,rb1805,3903.0,2.0,78060.0,1.0,3903.0,42.0,3902.0,116.0,3903.0,3885.0
2018-04-24 21:08:21.000,rb1805,3903.0,0.0,0.0,1.0,3903.0,42.0,3902.0,116.0,3903.0,3885.0
2018-04-24 21:08:21.500,rb1805,3903.0,0.0,0.0,1.0,3903.0,42.0,3902.0,116.0,3903.0,3885.0
2018-04-24 21:08:22.000,rb1805,3903.0,84.0,3278520.0,1.0,3904.0,117.0,3903.0,38.0,3903.0,3885.0
2018-04-24 21:08:22.500,rb1805,3903.0,0.0,0.0,1.0,3904.0,117.0,3903.0,39.0,3903.0,3885.0
2018-04-24 21:08:23.000,rb1805,3903.0,0.0,0.0,1.0,3904.0,117.0,3903.0,39.0,3903.0,3885.0
2018-04-24 21:08:23.500,rb1805,3903.0,0.0,0.0,1.0,3904.0,117.0,3903.0,40.0,3903.0,3885.0
2018-04-24 21:08:24.000,rb1805,3903.0,0.0,0.0,1.0,3904.0,117.0,3903.0,40.0,3903.0,3885.0
2018-04-24 21:08:24.500,rb1805,3902.0,180.0,7024400.0,1.0,3904.0,117.0,3902.0,77.0,3903.0,3885.0
2018-04-24 21:08:25.000,rb1805,3902.0,0.0,0.0,1.0,3903.0,1.0,3902.0,67.0,3903.0,3885.0
2018-04-24 21:08:25.500,rb1805,3902.0,0.0,0.0,1.0,3903.0,17.0,3902.0,82.0,3903.0,3885.0
2018-04-24 21:08:26.000,rb1805,3902.0,6.0,234120.0,1.0,3903.0,7.0,3902.0,78.0,3903.0,3885.0
2018-04-24 21:08:26.500,rb1805,3902.0,0.0,0.0,1.0,3903.0,7.0,3902.0,78.0,3903.0,3885.0
2018-04-24 21:08:27.000,rb1805,3902.0,0.0,0.0,1.0,3903.0,9.0,3902.0,84.0,3903.0,3885.0
2018-04-24 21:08:27.500,rb1805,3902.0,0.0,0.0,1.0,3903.0,9.0,3902.0,84.0,3903.0,3885.0
2018-04-24 21:08:28.000,rb1805,3903.0,2.0,78060.0,1.0,3903.0,8.0,3902.0,84.0,3903.0,3885.0
2018-04-24 21:08:28.500,rb1805,3903.0,0.0,0.0,1.0,3903.0,8.0,3902.0,84.0,3903.0,3885.0
2018-04-24 21:08:29.000,rb1805,3903.0,0.0,0.0,1.0,3903.0,8.0,3902.0,84.0,3903.0,3885.0
2018-04-24 21:08:29.500,rb1805,3903.0,16.0,624480.0,1.0,3904.0,117.0,3903.0,5.0,3903.0,3885.0
2018-04-24 21:08:30.000,rb1805,3902.0,12.0,468340.0,1.0,3903.0,1.0,3902.0,80.0,3903.0,3885.0
2018-04-24 21:08:30.500,rb1805,3903.0,2.0,78060.0,1.0,3904.0,117.0,3903.0,10.0,3903.0,3885.0
2018-04-24 21:08:31.000,rb1805,3903.0,0.0,0.0,1.0,3904.0,122.0,3903.0,10.0,3903.0,3885.0
2018-04-24 21:08:31.500,rb1805,3903.0,0.0,0.0,1.0,3904.0,122.0,3903.0,10.0,3903.0,3885.0
2018-04-24 21:08:32.000,rb1805,3903.0,0.0,0.0,1.0,3904.0,122.0,3903.0,10.0,3903.0,3885.0
2018-04-24 21:08:32.500,rb1805,3903.0,12.0,468360.0,1.0,3904.0,122.0,3903.0,4.0,3903.0,3885.0
2018-04-24 21:08:33.000,rb1805,3903.0,8.0,312240.0,1.0,3903.0,17.0,3902.0,75.0,3903.0,3885.0
2018-04-24 21:08:33.500,rb1805,3903.0,0.0,0.0,1.0,3903.0,16.0,3902.0,75.0,3903.0,3885.0
2018-04-24 21:08:34.000,rb1805,3903.0,12.0,468360.0,1.0,3903.0,12.0,3902.0,75.0,3903.0,3885.0
2018-04-24 21:08:34.500,rb1805,3903.0,0.0,0.0,1.0,3903.0,12.0,3902.0,75.0,3903.0,3885.0
2018-04-24 21:08:35.000,rb1805,3903.0,2.0,78060.0,1.0,3903.0,11.0,3902.0,75.0,3903.0,3885.0
2018-04-24 21:08:35.500,rb1805,3903.0,2.0,78060.0,1.0,3903.0,11.0,3902.0,75.0,3903.0,3885.0
2018-04-24 21:08:36.000,rb1805,3903.0,4.0,156120.0,1.0,3903.0,8.0,3902.0,75.0,3903.0,3885.0
2018-04-24 21:08:36.500,rb1805,3903.0,0.0,0.0,1.0,3903.0,7.0,3902.0,78.0,3903.0,3885.0
2018-04-24 21:08:37.000,rb1805,3903.0,0.0,0.0,1.0,3903.0,8.0,3902.0,78.0,3903.0,3885.0
2018-04-24 21:08:37.500,rb1805,3903.0,6.0,234180.0,1.0,3904.0,124.0,3903.0,3.0,3903.0,3885.0
2018-04-24 21:08:38.000,rb1805,3903.0,6.0,234180.0,1.0,3903.0,4.0,3902.0,77.0,3903.0,3885.0
2018-04-24 21:08:38.500,rb1805,3903.0,0.0,0.0,1.0,3903.0,6.0,3902.0,78.0,3903.0,3885.0
2018-04-24 21:08:39.000,rb1805,3903.0,0.0,0.0,1.0,3903.0,6.0,3902.0,78.0,3903.0,3885.0
2018-04-24 21:08:39.500,rb1805,3903.0,0.0,0.0,1.0,3903.0,7.0,3902.0,77.0,3903.0,3885.0
2018-04-24 21:08:40.000,rb1805,3903.0,0.0,0.0,1.0,3903.0,7.0,3902.0,77.0,3903.0,3885.0
2018-04-24 21:08:40.500,rb1805,3903.0,10.0,390300.0,1.0,3903.0,2.0,3902.0,77.0,3903.0,3885.0
2018-04-24 21:08:41.000,rb1805,3903.0,2.0,78060.0,1.0,3903.0,1.0,3902.0,77.0,3903.0,3885.0
2018-04-24 21:08:41.500,rb1805,3903.0,2.0,78060.0,1.0,3904.0,124.0,3903.0,10.0,3903.0,3885.0
2018-04-24 21:08:42.000,rb1805,3903.0,0.0,0.0,1.0,3904.0,214.0,3903.0,10.0,3903.0,3885.0
2018-04-24 21:08:42.500,rb1805,3903.0,0.0,0.0,1.0,3904.0,214.0,3903.0,10.0,3903.0,3885.0
2018-04-24 21:08:43.000,rb1805,3904.0,6.0,234240.0,1.0,3904.0,211.0,3903.0,10.0,3904.0,3885.0
2018-04-24 21:08:43.500,rb1805,3904.0,0.0,0.0,1.0,3904.0,211.0,3903.0,20.0,3904.0,3885.0
2018-04-24 21:08:44.000,rb1805,3904.0,0.0,0.0,1.0,3904.0,211.0,3903.0,21.0,3904.0,3885.0
2018-04-24 21:08:44.500,rb1805,3903.0,4.0,156120.0,1.0,3904.0,211.0,3903.0,19.0,3904.0,3885.0
2018-04-24 21:08:45.000,rb1805,3903.0,2.0,78060.0,1.0,3904.0,211.0,3903.0,18.0,3904.0,3885.0
2018-04-24 21:08:45.500,rb1805,3903.0,6.0,234180.0,1.0,3904.0,211.0,3903.0,20.0,3904.0,3885.0
2018-04-24 21:08:46.000,rb1805,3903.0,0.0,0.0,1.0,3904.0,211.0,3903.0,23.0,3904.0,3885.0
2018-04-24 21:08:46.500,rb1805,3904.0,2.0,78080.0,1.0,3904.0,200.0,3903.0,35.0,3904.0,3885.0
2018-04-24 21:08:47.000,rb1805,3903.0,6.0,234180.0,1.0,3904.0,197.0,3903.0,35.0,3904.0,3885.0
2018-04-24 21:08:47.500,rb1805,3904.0,18.0,702720.0,1.0,3904.0,188.0,3903.0,40.0,3904.0,3885.0
2018-04-24 21:08:48.000,rb1805,3903.0,42.0,1639640.0,1.0,3904.0,169.0,3903.0,34.0,3904.0,3885.0
2018-04-24 21:08:48.500,rb1805,3904.0,10.0,390400.0,1.0,3904.0,164.0,3903.0,34.0,3904.0,3885.0
2018-04-24 21:08:49.000,rb1805,3904.0,20.0,780800.0,1.0,3904.0,154.0,3903.0,34.0,3904.0,3885.0
2018-04-24 21:08:49.500,rb1805,3904.0,2.0,78080.0,1.0,3904.0,154.0,3903.0,34.0,3904.0,3885.0
2018-04-24 21:08:50.000,rb1805,3904.0,0.0,0.0,1.0,3904.0,154.0,3903.0,54.0,3904.0,3885.0
2018-04-24 21:08:50.500,rb1805,3904.0,30.0,1171200.0,1.0,3904.0,139.0,3903.0,54.0,3904.0,3885.0
2018-04-24 21:08:51.000,rb1805,3904.0,2.0,78080.0,1.0,3904.0,139.0,3903.0,53.0,3904.0,3885.0
2018-04-24 21:08:51.500,rb1805,3904.0,2.0,78080.0,1.0,3904.0,138.0,3903.0,53.0,3904.0,3885.0
2018-04-24 21:08:52.000,rb1805,3904.0,86.0,3357440.0,1.0,3904.0,95.0,3903.0,58.0,3904.0,3885.0
2018-04-24 21:08:52.500,rb1805,3904.0,190.0,7417600.0,1.0,3905.0,141.0,3904.0,9.0,3904.0,3885.0
2018-04-24 21:08:53.000,rb1805,3904.0,0.0,0.0,1.0,3905.0,141.0,3904.0,56.0,3904.0,3885.0
2018-04-24 21:08:53.500,rb1805,3904.0,0.0,0.0,1.0,3905.0,136.0,3904.0,63.0,3904.0,3885.0
2018-04-24 21:08:54.000,rb1805,3905.0,2.0,78100.0,1.0,3905.0,135.0,3904.0,64.0,3905.0,3885.0
2018-04-24 21:08:54.500,rb1805,3905.0,202.0,7888100.0,1.0,3905.0,36.0,3904.0,68.0,3905.0,3885.0
2018-04-24 21:08:55.000,rb1805,3905.0,72.0,2811600.0,1.0,3906.0,70.0,3905.0,22.0,3905.0,3885.0
2018-04-24 21:08:55.500,rb1805,3905.0,0.0,0.0,1.0,3906.0,70.0,3905.0,33.0,3905.0,3885.0
2018-04-24 21:08:56.000,rb1805,3905.0,0.0,0.0,1.0,3906.0,70.0,3905.0,38.0,3905.0,3885.0
2018-04-24 21:08:56.500,rb1805,3905.0,2.0,78100.0,1.0,3906.0,70.0,3905.0,37.0,3905.0,3885.0
2018-04-24 21:08:57.000,rb1805,3905.0,0.0,0.0,1.0,3906.0,70.0,3905.0,57.0,3905.0,3885.0
2018-04-24 21:08:57.500,rb1805,3905.0,0.0,0.0,1.0,3906.0,70.0,3905.0,57.0,3905.0,3885.0
2018-04-24 21:08:58.000,rb1805,3905.0,6.0,234300.0,1.0,3906.0,74.0,3905.0,54.0,3905.0,3885.0
2018-04-24 21:08:58.500,rb1805,3906.0,6.0,234360.0,1.0,3906.0,71.0,3905.0,55.0,3906.0,3885.0
2018-04-24 21:08:59.000,rb1805,3906.0,52.0,2030920.0,1.0,3906.0,55.0,3905.0,45.0,3906.0,3885.0
2018-04-24 21:08:59.500,rb1805,3906.0,4.0,156240.0,1.0,3906.0,53.0,3905.0,45.0,3906.0,3885.0
2018-04-24 21:09:00.000,rb1805,3906.0,4.0,156240.0,1.0,3906.0,51.0,3905.0,45.0,3906.0,3885.0
2018-04-24 21:09:00.500,rb1805,3906.0,0.0,0.0,1.0,3906.0,51.0,3905.0,45.0,3906.0,3885.0
2018-04-24 21:09:01.000,rb1805,3906.0,4.0,156240.0,1.0,3906.0,49.0,3905.0,43.0,3906.0,3885.0
2018-04-24 21:09:01.500,rb1805,3906.0,10.0,390580.0,1.0,3906.0,45.0,3905.0,46.0,3906.0,3885.0
2018-04-24 21:09:02.000,rb1805,3906.0,8.0,312480.0,1.0,3906.0,41.0,3905.0,41.0,3906.0,3885.0
2018-04-24 21:09:02.500,rb1805,3906.0,0.0,0.0,1.0,3906.0,41.0,3905.0,42.0,3906.0,3885.0
2018-04-24 21:09:03.000,rb1805,3906.0,4.0,156240.0,1.0,3906.0,39.0,3905.0,42.0,3906.0,3885.0
2018-04-24 21:09:03.500,rb1805,3906.0,0.0,0.0,1.0,3906.0,40.0,3905.0,42.0,3906.0,3885.0
2018-04-24 21:09:04.000,rb1805,3906.0,14.0,546840.0,1.0,3906.0,33.0,3905.0,48.0,3906.0,3885.0
2018-04-24 21:09:04.500,rb1805,3906.0,12.0,468720.0,1.0,3906.0,27.0,3905.0,48.0,3906.0,3885.0
2018-04-24 21:09:05.000,rb1805,3906.0,0.0,0.0,1.0,3906.0,27.0,3905.0,48.0,3906.0,3885.0
2018-04-24 21:09:05.500,rb1805,3906.0,0.0,0.0,1.0,3906.0,28.0,3905.0,54.0,3906.0,3885.0
2018-04-24 21:09:06.000,rb1805,3906.0,2.0,78120.0,1.0,3906.0,27.0,3905.0,59.0,3906.0,3885.0
2018-04-24 21:09:06.500,rb1805,3906.0,4.0,156240.0,1.0,3906.0,56.0,3905.0,54.0,3906.0,3885.0
2018-04-24 21:09:07.000,rb1805,3905.0,2.0,78100.0,1.0,3906.0,63.0,3905.0,52.0,3906.0,3885.0
2018-04-24 21:09:07.500,rb1805,3905.0,8.0,312400.0,1.0,3906.0,63.0,3905.0,48.0,3906.0,3885.0
2018-04-24 21:09:08.000,rb1805,3905.0,0.0,0.0,1.0,3906.0,63.0,3905.0,47.0,3906.0,3885.0
2018-04-24 21:09:08.500,rb1805,3905.0,24.0,937200.0,1.0,3906.0,68.0,3905.0,35.0,3906.0,3885.0
2018-04-24 21:09:09.000,rb1805,3905.0,0.0,0.0,1.0,3906.0,76.0,3905.0,35.0,3906.0,3885.0
2018-04-24 21:09:09.500,rb1805,3906.0,2.0,78120.0,1.0,3906.0,75.0,3905.0,35.0,3906.0,3885.0
2018-04-24 21:09:10.000,rb1805,3906.0,2.0,78120.0,1.0,3906.0,75.0,3905.0,35.0,3906.0,3885.0
